3006 4906
428 396 476 443 ns
502 394 629 445 nxctn.
651 395 778 445 rasus
802 396 952 445 nissen.
978 460 983 467 ⁶
1165 381 1231 447 329

136 538 293 606 Achilles
311 536 357 605 de
382 537 501 621 praelio
516 537 653 603 saucius
668 538 775 604 redit:
798 544 962 622 pugnatur
976 541 1144 605 continuis
1159 539 1230 607 die-

135 644 204 706 bus
217 658 292 704 sex.
321 638 389 703 Die
404 639 561 723 septimo,
573 639 653 704 dum
666 647 807 722 aterque
824 632 993 705 exercitus
1008 642 1126 724 praelio
1138 662 1231 707 com·

134 744 244 809 misso
264 740 446 822 fugaretur,
463 737 624 816 Achilles,
634 741 701 821 „qui
719 740 890 823 aliquibus
904 740 1024 805 diebus
1037 749 1179 808 vexatus
1194 745 1228 809 in

132 860 280 926 pugnam
309 858 374 904 non
404 837 586 920 prodierat,
612 837 844 923 Myrmidonas
867 842 1013 907 instruit.
1057 843 1228 922 Hortatur,

134 942 318 1025 alloquitur
345 948 384 1004 ut
412 939 540 1007 sortiter
569 941 823 1023 impressionem
848 943 882 1006 in
912 941 1065 1007 Troilum
1090 945 1229 1012 saciant.
1352 929 1358 943 “

137 1041 324 1126 Postquam
337 1039 446 1124 major
458 1059 538 1123 pars
552 1039 620 1106 diei
636 1042 778 1118 transiit,
788 1043 920 1124 prodit⁹
934 1043 1069 1108 Troilus
1082 1064 1128 1109 ex
1142 1065 1228 1129 equo

135 1142 266 1209 loetus¹¹¹
310 1140 429 1224 Argivi
443 1140 591 1205 clamore
607 1160 724 1224 magno
737 1142 848 1222 togam
859 1144 999 1209 saciant.
1043 1144 1229 1227 Myrmido-

133 1263 196 1309 nes
212 1262 448 1326 supervenere,
458 1242 716 1325 impressionem
730 1244 921 1309 inTroilum
937 1245 1075 1323 iaciunt,
1088 1246 1130 1311 de
1145 1265 1229 1329 qno·
1277 1254 1285 1271 ⁸

136 1363 209 1408 rum
222 1362 363 1408 numero
376 1342 473 1408 multi
485 1362 507 1407 a
520 1342 637 1408 Troilo
651 1343 856 1409 occiduntur.
900 1345 990 1410 Dum
1007 1347 1128 1411 acriter
1139 1367 1227 1430 pras·

136 1444 252 1520 liatnr,
277 1462 380 1527 equum
401 1443 510 1507 Troili
534 1444 672 1507 sancius
696 1445 831 1523 corruit,
855 1445 1007 1511 Troilum
1030 1447 1227 1531 implicitum

134 1546 273 1629 excutit.
318 1544 404 1609 Eum
420 1543 575 1608 Achilles
589 1544 659 1607 cito
682 1545 862 1611 adveniens
878 1547 1014 1625 occidit,
1030 1554 1066 1615 et
1080 1568 1126 1612 ex
1141 1568 1228 1631 prar-

133 1646 180 1710 lio
194 1647 321 1711 trabere
336 1647 454 1729 ooepit.
497 1645 544 1709 Et
558 1647 795 1725 subtraxisset,
819 1648 885 1712 nisi
911 1647 1071 1714 Memnon
1085 1651 1225 1733 empuis·

134 1756 197 1824 set,
221 1754 256 1812 et
281 1746 444 1810 Achillem
470 1746 606 1811 vulnere
629 1748 828 1813 sauciasset.
872 1748 1019 1813 Achilles
1040 1749 1082 1813 de
1109 1752 1226 1832 praelio

137 1851 278 1912 saucius
291 1847 387 1911 redit.
430 1847 586 1911 Memnon
600 1848 783 1930 insequitur
804 1855 837 1914 et
858 1869 935 1915 oum
958 1850 1071 1914 multis
1087 1852 1225 1934 impres·

138 1949 267 2013 sionem
289 1947 378 2011 iacit.
414 1942 470 2013 'Ut
492 1949 643 2030 respexit
667 1968 743 2013 enm
765 1946 926 2027 Acbssles,
950 1951 1086 2015 restitit:
1109 1957 1224 2017 curato

135 2051 252 2130 itaque
279 2050 421 2129 vnlnere,
462 2057 499 2113 et
527 2049 770 2132 aliquantulum
800 2051 983 2135 praeliatus,
1011 2050 1223 2115 Memnonem

134 2151 253 2214 multis
266 2149 375 2232 plagis
386 2150 540 2227 occidit,¹³
563 2151 686 2233 etipse
700 2152 897 2217 vulneratus
921 2154 964 2217 ab
987 2171 1029 2215 eo
1043 2171 1087 2216 ex
1103 2151 1223 2236 praelio

133 2252 284 2316 recessit
328 2251 517 2335 Postquam
533 2250 710 2319 Persarum
724 2252 792 2317 dux
808 2254 943 2319 occisus
964 2258 1028 2328 est,
1051 2259 1086 2316 et
1107 2251 1225 2335 Troja-

133 2371 248 2417 norum
263 2353 431 2419 exercitus
445 2353 541 2419 lusus
553 2359 616 2428 est,
636 2352 758 2435 reliqui
774 2353 808 2415 in
823 2353 983 2436 oppidum
999 2353 1224 2434 confugerunt,

134 2461 319 2537 portasque
334 2454 546 2519 clauserunt:
569 2454 721 2536 praelium
743 2472 812 2518 uox
831 2454 966 2519 dirimit.
1009 2452 1157 2518 Postera
1170 2452 1224 2519 die

134 2571 156 2616 a
170 2552 305 2621 Priamo
317 2554 418 2637 legati
432 2554 474 2620 ad
487 2552 771 2637 Agamemnonem
787 2556 880 2619 missi
896 2562 985 2632 sunt,
1008 2562 1047 2619 nt
1069 2554 1223 2621 inducias

131 2660 305 2737 peterent:
328 2653 557 2738 Agamemnon
581 2675 625 2720 ex
649 2655 780 2719 consilli
806 2656 972 2719 sententia
986 2656 1018 2719 in
1033 2655 1106 2720 dies
1121 2671 1222 2722 xxx.

130 2756 288 2822 inducias
301 2756 391 2822 iacit.
438 2755 594 2820 Priamus
607 2755 758 2820 Troilum
773 2763 807 2820 et
821 2756 1032 2824 Memnonem
1047 2756 1222 2839 magnifico

127 2856 264 2922 innere⁰
286 2856 394 2921 effert:
417 2863 611 2940 ceterosque
634 2857 760 2921 milites
782 2859 913 2939 utrique
935 2858 1143 2941 sepeliendos
1163 2877 1222 2922 ou-

127 2967 206 3022 rant.
251 2957 338 3042 [ab]
360 2957 516 3035 Hecuba,
531 2965 654 3022 moesta
670 2957 760 3041 quod
783 2958 850 3022 dno
875 2958 935 3024 tilii
956 2959 1029 3042 ejus
1048 2959 1221 3023 fortissimi

130 3057 259 3123 Hector
274 3065 310 3123 et
321 3057 454 3123 Troilus
479 3059 522 3122 ab
546 3057 681 3124 Achille
708 3060 867 3125 interlecti
895 3064 1017 3137 essent,
1043 3057 1220 3122 consilium

127 3160 293 3243 muliebre
308 3160 516 3224 temerarium
530 3160 604 3223 iniit
623 3160 667 3223 ad
691 3160 838 3225 dolorem
864 3179 959 3223 suurn
981 3155 1219 3221 ulciscendum.

128 3258 359 3323 Alexandrum
373 3259 474 3323 tilium
491 3261 640 3336 accersit,
662 3267 746 3338 orat,
769 3260 939 3337 bortatur,¹
965 3266 1004 3321 ut
1028 3275 1064 3319 se
1087 3261 1120 3319 et
1140 3272 1220 3320 suos

587 3451 599 3470 Ι
602 3449 764 3472 mmo

153 3600 284 3652 ttPndiit
295 3599 436 3664 Delon—l
455 3600 594 3652 omittitur
606 3614 655 3650 ros
665 3601 774 3649 metm
785 3598 877 3662 Delpb.

623 3797 731 3849 NOTAE

124 3907 207 3963 Prior
215 3905 242 3953 in
252 3919 309 3955 eom
323 3907 376 3956 tels
387 3907 504 3973 conjicit.
693 3911 778 3963 Aliter
785 3912 861 3976 paulo
872 3909 973 3973 Dictys,
981 3921 1057 3971 quem
1068 3906 1179 3971 ride‚rv.
1190 3912 1216 3958 d.

157 3990 178 4017 ¹
195 3981 284 4031 Prodit
301 3981 394 4033 bruas
409 3998 441 4034 es
456 4000 513 4049 equo
526 3985 606 4049 latus]
630 3987 654 4037 E
723 3994 736 4021 ⁰
757 3989 793 4036 lit
811 3987 961 4036 arcumen
981 3983 1103 4049 wileo
1117 3982 1217 4047 stane]

119 4072 205 4110 carro
225 4069 353 4119 pugnum
369 4059 493 4123 Troilum,
509 4061 654 4111 docetVir·
693 4058 1217 4126 Dictysscribit,l'rojnnercrematiMem·

116 4134 164 4201 gil.
184 4130 255 4193 Ejus
265 4129 347 4180 locum
359 4130 460 4182 ridead
472 4133 617 4197 Dictynrv.
629 4140 653 4184 9.
693 4138 767 4187 nonis
783 4136 903 4200 reliquias
920 4149 981 4184 urna
996 4135 1112 4186 conditas
1129 4134 1155 4184 in
1171 4147 1216 4195 pa·

149 4219 162 4244 ·
178 4208 336 4260 nmen
357 4208 439 4259 uultis
457 4209 537 4274 plagis
557 4209 654 4274 oceidit]
693 4213 769 4264 trinrn
778 4212 859 4263 solum
870 4211 1006 4263 remisisse.
