3034 4928
305 321 349 385 16
741 334 946 385 ΡΜΜΤΙΟ.

307 477 499 542 Phoeuiceis
527 476 655 541 literis:
686 495 761 558 quoe
783 478 851 560 jum
875 497 1027 541 reversus
1054 478 1164 543 senior
1184 479 1218 541 in
1241 477 1388 559 Cretum,

304 579 463 662 praecepit
489 578 630 641 moriens
659 583 695 640 ut
724 595 835 641 secum
862 577 1090 659 sepelirentur.
1132 577 1251 660 Itnque
1273 589 1311 644 nt
1332 583 1389 647 ille

300 679 462 762 jusserat,
475 684 674 742 memoratus
688 678 789 755 tilius,
799 679 832 740 in
844 684 979 742 stannea
994 678 1107 743 urculu
1122 679 1298 761 repositas,
1312 683 1388 765 ejus

305 781 431 845 tumulo
445 778 668 843 condiderunt
712 777 834 842 Vemm
849 780 974 843 secutis
997 778 1212 862 temporibus,
1233 780 1389 845 tertiode-

305 881 393 945 cimo
417 899 504 944 nuno
520 879 668 943 Neronis
686 877 829 960 imperii,
842 878 875 941 in
890 877 1011 942 Gnoso
1026 879 1160 943 civitate
1179 885 1388 946 terraemotus

305 981 397 1056 facti,
410 999 485 1045 curn
500 979 613 1056 multu,
628 987 699 1042 tum
720 979 819 1043 etiam
839 979 1023 1060 sepulcmm
1045 978 1165 1062 Dictys
1190 979 1238 1044 itu
1262 982 1389 1063 petess-

305 1086 429 1157 cerunt,
443 1086 479 1144 ut
503 1099 525 1144 n
543 1079 785 1144 transeuntibus
800 1079 914 1143 ercule
934 1080 1107 1143 viseretur.
1152 1078 1310 1145 Pastores
1325 1083 1390 1147 ite·

295 1186 370 1262 'quo
395 1185 635 1262 praetereuntes
654 1196 730 1241 cum
744 1177 830 1242 banc
856 1178 1029 1255 vidissent,
1045 1178 1231 1242 thesaurum
1246 1181 1323 1259 rati,
1338 1202 1389 1246 se·
1433 1179 1436 1186 '

304 1281 422 1363 pulcro
442 1279 666 1343 abstulerunt:
689 1285 861 1361 stuporis
883 1298 926 1342 en
948 1281 1143 1343 invenerunt
1160 1279 1250 1344 tilius
1274 1282 1390 1364 incog-

305 1379 386 1442 nitis
401 1378 468 1441 sibi
481 1379 589 1443 literis
604 1378 835 1460 conscriptus:
858 1380 1084 1461 continuoque
1109 1377 1152 1442 ud
1175 1398 1270 1446 snum
1284 1381 1391 1447 domi·

304 1499 379 1543 num
389 1477 617 1560 Eupraxidem
632 1477 797 1561 quendem
812 1479 942 1541 nomine
954 1478 1178 1561 pertulerunt:
1193 1480 1392 1564 quiugnitus

305 1598 456 1661 queennrn
488 1584 599 1642 essent
628 1578 740 1643 litores
770 1578 900 1642 Rutilio
925 1577 1015 1642 Ruso
1038 1578 1130 1642 illins
1157 1579 1275 1646 insnlae
1309 1591 1391 1649 tuuc

306 1677 501 1742 Consulari⁸
524 1679 654 1742 obtulit.
698 1677 759 1741 llle
778 1697 853 1742 cum
875 1676 1069 1761 Eupraxido
1087 1678 1131 1742 ad
1148 1678 1314 1746 Neronem
1329 1682 1391 1747 ob-

304 1778 373 1842 late
396 1779 461 1842 sibi
487 1779 676 1853 transmisit,
691 1778 889 1849 existimans
914 1777 950 1841 in
971 1778 1023 1841 bis
1045 1776 1196 1859 quaedum
1211 1782 1393 1848 secretiore

306 1880 480 1944 contineri.
525 1878 614 1943 Haec
639 1886 749 1942 eutem
777 1897 854 1942 cum
877 1878 972 1943 Nero
999 1878 1200 1961 accepisset,
1229 1881 1392 1947 advertis·

304 1985 424 2062 setque
440 1980 585 2044 Punicus
599 1999 676 2043 esse
690 1980 814 2056 literas,
828 1980 943 2044 barum
966 1978 1096 2061 peritos
1113 1979 1157 2043 nd
1181 1998 1218 2044 se
1240 1985 1392 2049 vocavit:

304 2081 363 2163 qui
377 2099 452 2143 cum
465 2080 644 2156 venisseut,
652 2081 857 2164 interpretati
873 2086 948 2144 sunt
962 2079 1086 2143 omnin.
1130 2078 1281 2163 Cumque
1297 2082 1394 2149 Nero

302 2179 528 2260 cognovisset,
543 2180 673 2263 antiqui
689 2181 764 2254 viri,
779 2180 839 2262 qui
861 2178 952 2261 apud
977 2178 1078 2242 Ilium
1093 2177 1212 2254 iuerat,
1225 2179 1300 2244 berc
1314 2202 1393 2247 esse

303 2285 525 2354 monuments,
534 2278 637 2360 jussit
662 2280 696 2341 io
710 2278 868 2343 Graecnm
894 2296 1080 2342 sermonem
1101 2279 1166 2342 istu
1180 2280 1395 2347 transierrw

303 2464 411 2514 eundem
431 2480 562 2516 nnmerum
582 2482 708 2525 servssss,
724 2475 752 2517 et
766 2470 839 2518 resi·
867 2476 1004 2532 peretum
1021 2470 1191 2532 bnecerturn,
1205 2471 1291 2533 plnres
1300 2470 1395 2533 megis-

239 2552 244 2556 ·
303 2537 353 2587 dne
364 2548 474 2604 quetuor
484 2543 518 2590 de
531 2542 615 2592 reditu
631 2545 781 2593 Grecnrnnr
800 2546 827 2593 in
868 2550 950 2595 trstus
968 2547 1017 2595 boc
1034 2545 1136 2595 nornine
1147 2544 1285 2609 prefectos
1298 2560 1314 2594 e
1325 2545 1395 2596 Con·

302 2628 380 2664 unnrn
389 2616 529 2681 redegisse.
562 2618 613 2668 Ubi
627 2620 684 2669 ride
693 2635 750 2684 qus
758 2621 829 2671 dicte
867 2621 981 2671 stennius
992 2621 1078 2684 perrls
1090 2627 1118 2670 et
1128 2622 1227 2683 pscstis
1237 2620 1396 2684 prosinclls;

302 2695 371 2739 ⁸⁰⁰1·
868 2695 894 2744 in
913 2696 945 2745 iis
963 2697 1051 2745 Crete.
1087 2695 1311 2758 Netitlslrnperii.
1326 2696 1397 2744 Mer·

333 2761 389 2813 ‘Is
406 2766 472 2815 tilius
489 2767 601 2830 digessit]
619 2769 727 2834 Antiqui
743 2784 775 2818 es
787 2784 828 2818 er·
867 2786 914 2821 cer.
947 2771 1039 2836 Neque
1061 2784 1149 2820 rernm
1170 2777 1212 2820 est
1228 2769 1261 2820 eb
1277 2768 1396 2820 Aurieno

302 2837 416 2902 boribus,
428 2845 571 2904 presertim
583 2859 598 2891 e
609 2844 666 2895 tilis
676 2846 778 2904 erbors,
790 2851 827 2895 te·
868 2853 967 2895 tsnrnm
988 2852 1016 2896 st
1034 2860 1050 2894 s
1067 2845 1237 2896 &ostensius
1258 2844 1396 2895 institutos

301 2911 383 2962 belles
402 2915 583 2976 conficiebsut,
602 2919 694 2983 quibus
714 2933 774 2969 cers
785 2934 826 2968 su·
864 2920 1109 2983 inissecnusnleree,
1120 2921 1163 2985 qni
1174 2934 1205 2969 eo
1216 2919 1317 2969 nemine
1334 2935 1397 2984 pro·

302 2987 825 3054 perinductisitestylnecutnscribcbeut.
864 2996 960 3046 vincies
978 3001 1107 3059 regerem,
1124 2995 1222 3059 qnippe
1233 2994 1289 3044 lerec
1300 2995 1397 3045 ‹lirlsio

303 3062 337 3112 lit
349 3065 416 3126 qnod
427 3066 468 3113 bic
480 3066 548 3114 tillus
557 3076 633 3118 vocet
644 3074 743 3126 suctos,
760 3066 827 3116 inire
864 3071 1064 3134 proslncierurn,
1073 3071 1101 3119 in
1112 3070 1267 3121 consuleres
1283 3078 1310 3119 st
1327 3070 1397 3121 Pro·

300 3136 441 3199 Septimius
453 3139 581 3189 Romanus
592 3143 618 3191 in
633 3142 741 3204 epistole
753 3149 828 3191 secet
865 3147 1020 3207 consuleres,
1040 3151 1101 3194 ente
1123 3145 1321 3195 Constantinum
1343 3146 1398 3197 t'nit

262 3240 266 3247 ·
302 3209 424 3274 pbyllres,
434 3213 494 3277 qerle
506 3214 561 3263 rilie
575 3217 598 3264 lu
608 3214 828 3279 tenuissimuspbi·
865 3220 890 3269 in
903 3235 959 3280 usu,
970 3225 998 3268 et
1009 3218 1042 3268 sb
1060 3219 1117 3282 ipso
1133 3217 1250 3283 Angusto
1265 3219 1399 3283 institute,

300 3283 368 3347 lyrss
388 3301 436 3336 ecn
454 3290 630 3353 sepsrebetur,
645 3299 673 3341 nt
684 3292 717 3339 de
730 3306 827 3355 papyro
866 3295 910 3358 qut
925 3296 951 3343 in
964 3293 1108 3358 prosincles
1119 3307 1179 3342 snus
1191 3307 1255 3357 ques
1268 3293 1324 3357 ipse
1343 3295 1398 3346 sibi

301 3358 393 3410 scribit
414 3361 485 3410 Plin.
515 3365 721 3430 ‘Properentur
742 3382 774 3416 ex
795 3382 827 3417 co
866 3368 996 3417 retinebet
1017 3368 1165 3416 consuleres
1192 3369 1322 3423 mittetur,
1351 3373 1398 3437 qni

301 3432 395 3482 chertrs
406 3432 487 3484 diviso
497 3437 522 3484 in
534 3449 679 3498 preteuues
688 3443 733 3491 sed
749 3457 826 3507 quem
866 3443 970 3507 proprie
981 3440 1060 3504 legeti
1073 3443 1219 3493 consuleres
1233 3436 1398 3498 dicebsntnr.

300 3506 579 3573 letissimeeplrilyres.’
611 3514 677 3563 Inde
694 3517 720 3564 in
738 3517 824 3566 Glose.
867 3518 958 3581 Neque
966 3525 1049 3567 temen
1058 3519 1204 3568 consuleres
1212 3518 1398 3586 illidlcthuotl

299 3583 492 3646 ‘tiliupbnps'
511 3586 736 3637 Erectusllnretii
747 3592 825 3639 iuter·
865 3594 983 3642 consoles
993 3590 1397 3656 missenununrgopsrsuesum

300 3669 370 3720 pres,
389 3656 557 3722 ‘philyreest
569 3669 659 3709 cortex
672 3663 734 3711 tilis
749 3665 825 3713 erbo·
864 3672 926 3727 est3
944 3681 1003 3716 neus
1022 3680 1092 3730 serpe
1111 3666 1227 3717 insenius
1247 3671 1399 3721 consuleres

300 3731 353 3781 ris!
864 3741 1054 3805 prosinclsrum
1065 3741 1109 3804 qul
1127 3748 1186 3803 pest
1200 3742 1400 3798 edminlstretes

332 3807 451 3857 rusus
462 3808 526 3868 Ruso
536 3809 756 3862 illissieselaetssc
763 3812 826 3865 uon·
865 3806 1012 3878 prcslnciss
1023 3821 1076 3864 tum
1087 3815 1194 3878 primum
1210 3817 1336 3869 &uenies
1350 3821 1399 3872 tis·

297 3881 439 3944 esluflire
456 3882 514 3932 libri
531 3886 634 3948 scripti,
650 3902 700 3936 nnn
718 3888 825 3951 pressim,
865 3890 935 3939 bent-
966 3889 1019 3941 διὰ
1045 3890 1112 3956 qnod
1134 3904 1193 3941 cnm
1215 3894 1400 3946 consuleribns

300 3954 369 4018 qnod
390 3955 503 4019 imperiti
526 3969 688 4011 correctores
706 3963 825 4026 vulgass-
865 3963 1399 4030 ornemeutislmperlnmsrlminlstrersnt.

299 4035 365 4082 rent.
381 4030 534 4081 (lonsnleree
545 4035 632 4084 solunt
641 4035 667 4085 in
676 4037 825 4101 quibusdem
866 4039 934 4089 Vide
944 4055 1001 4105 qus
1011 4038 1113 4093 noterit
1127 4039 1235 4093 sunm
1249 4042 1277 4092 in
1290 4041 1399 4095 Hister.

299 4105 440 4168 provinciis
450 4106 584 4158 institutos
599 4111 632 4160 sb
647 4110 760 4161 Adrisnn
770 4112 826 4161 ‘lm-
866 4112 976 4177 August.
