3066 4916
448 411 497 459 nn
521 409 640 458 annno
662 408 837 458 uaesano
862 408 934 460 nia.
959 412 992 458 v.
1195 397 1259 462 507

170 557 289 632 cares,
302 550 523 636 difficilesque
539 553 634 617 Deos
646 552 682 617 in
697 553 907 636 vumiatigat

168 656 405 741 Nequicquam
419 672 429 732 3
441 652 538 737 jacet
551 653 607 718 ille
622 652 770 736 quidem,
783 653 967 738 lapsusque
975 653 1111 736 jugales
1194 652 1260 721 200

165 756 326 841 Impedit,
339 761 375 818 et
389 772 485 818 curru
500 772 566 818 nou
581 758 785 835 agnoscente
795 754 932 819 fatiscit

211 858 316 923 Hunc
331 857 391 922 ubi
402 855 610 940 praecipitem
621 855 713 931 volui
727 854 840 920 videre
854 855 1002 939 Pelasgi,

169 958 359 1025 Pennificat
372 956 515 1022 formido
530 956 664 1038 medus,
680 957 897 1043 stimulatque
910 957 1062 1023 volucres

128 1111 133 1119 .
170 1059 225 1125 Ire
236 1059 359 1144 pedes:
382 1059 513 1123 cunctis
527 1059 589 1124 iter
601 1065 654 1124 eat
667 1059 710 1124 ad
728 1060 842 1124 littora
855 1060 989 1142 longum

169 1158 355 1229 Ettardum
369 1160 532 1244 repetisse
548 1168 651 1224 rates.
693 1158 742 1226 At
756 1160 906 1226 fulminis
923 1162 1028 1227 instar
1190 1166 1257 1232 205

168 1261 309 1328 Prosilit
322 1260 497 1339 AEacides,
511 1267 545 1326 et
558 1261 768 1329 formidabile
782 1262 950 1342 frendens,
1272 1344 1274 1348 v

170 1363 260 1428 Proh
274 1363 399 1448 pudor!
423 1363 608 1443 lnachidae,
623 1364 683 1429 vix
698 1365 777 1429 dum
792 1367 1032 1449 praesensimus
1046 1367 1170 1447 hoaoes,

171 1465 215 1530 Et
234 1465 308 1547 J'am
324 1474 416 1547 terga
430 1465 559 1541 damus,
573 1464 698 1548 inquit:
721 1467 892 1550 sylvaeque
907 1468 1044 1534 trabalia

171 1565 301 1645 Robur,
316 1566 349 1631 iu
364 1566 520 1649 obliquas
532 1586 609 1649 quoe
627 1568 768 1632 carbasa
783 1568 922 1652 porrigit
934 1587 1043 1646 auras,

171 1666 326 1751 Corripit,
340 1673 440 1751 atque
454 1668 563 1744 iterat,
574 1668 679 1733 'Nunc
694 1688 727 1745 ο,
743 1687 831 1733 nunc
845 1687 942 1733 nemo
957 1677 1127 1753 sequatur,
1192 1671 1258 1736 210

169 1768 272 1832 Solus
286 1786 371 1845 eam;
385 1768 516 1834 uncam
530 1768 636 1833 solus.
681 1767 783 1849 Fugit
793 1768 884 1833 ilicet
898 1771 1006 1834 omnis
1139 1764 1142 1767 ’

170 1867 286 1933 Turba
302 1868 487 1953 Phrygum:
509 1888 574 1934 non
590 1887 670 1934 arua
684 1867 783 1932 modo
798 1887 865 1933 uon
877 1868 991 1935 littora
1004 1871 1149 1951 nudant3

169 1968 239 2034 Sed
254 1968 412 2053 quicquid
425 1977 562 2054 pontum
576 1969 807 2055 Phrygiasque
820 1969 994 2054 interjacet
1008 1991 1101 2036 arces

169 2068 325 2136 Accensa
341 2089 448 2137 vacuo
464 2072 593 2137 Danais
608 2077 703 2156 patet
715 2073 881 2138 :ultimus
898 2070 1024 2136 Hector

169 2171 344 2255 Tanquam
359 2174 488 2238 instans
503 2174 603 2251 cedit,
618 2174 875 2258 indignatusque
894 2174 1039 2238 moranti
1193 2174 1259 2240 215

171 2271 265 2339 Arva
278 2274 358 2359 legit
372 2294 503 2358 gressu:
527 2276 618 2358 cogit
631 2275 857 2341 moderantius
871 2275 943 2358 ipse

172 2374 347 2455 AEacides,
359 2377 527 2461 flectitque
543 2378 693 2461 gradum,
707 2384 739 2445 et
753 2377 832 2461 qnia
846 2382 963 2441 uenter
976 2376 1011 2440 in
1026 2374 1126 2440 armis

663 2542 771 2594 NOTAE

171 2663 262 2706 ‘eam
272 2653 409 2719 pemcna3'
425 2656 539 2720 quamvis
556 2656 615 2706 libri
628 2656 695 2706 sari·
734 2655 839 2720 telligit.

171 2737 226 2782 ant.
258 2729 366 2781 Ovidius
376 2730 405 2778 ln'
414 2731 557 2780 Laodamia
566 2731 693 2795 epistola:
767 2735 815 2781 1⁰⁹
826 2728 1260 2797 Difficileaqasllessiasstasatigat]

169 2805 252 2858 ‘Qua
271 2804 358 2854 voltus
378 2802 477 2854 reierst
498 2814 539 2856 est
554 2806 615 2855 milrl
635 2820 695 2857 cera
734 2808 827 2872 Papia.
837 2821 864 2861 v.
880 2807 950 2871 Syls.
965 2806 975 2835 ⁴
984 2806 1150 2872 Superosque
1161 2806 1187 2857 in
1198 2813 1259 2856 vcia

170 2881 247 2932 taos!
261 2880 302 2930 De
310 2879 434 2929 Remadio
444 2878 502 2931 Am.
512 2894 544 2930 rr.
560 2880 603 2930 ‘sl
612 2888 695 2946 potas.
735 2883 846 2948 fatigat!
863 2884 931 2934 Vide
941 2883 985 2933 lib.
995 2896 1026 2933 rr.
1036 2886 1095 2932 409.

171 2963 410 3007 etceraaremosa:
427 2954 490 3020 quld
501 2956 613 3020 imagine
624 2964 695 3006 mota
767 2964 816 3009 atio
833 2960 970 3022 lapsuque
985 2958 1083 3019 jugans
1106 2958 1218 3019 inpedit,
1235 2962 1260 3006 et

170 3032 305 3096 Carperlsi
315 3031 363 3080 boc
370 3030 449 3095 perlit
457 3029 595 3080 laodamia
602 3029 696 3081 modu!
735 3047 807 3084 sarrs
816 3048 862 3083 sss
872 3038 1012 3096 usamenta
1018 3029 1127 3092 fatiscit]
1139 3031 1215 3079 Prius
1225 3030 1259 3080 de

171 3107 237 3156 Vide
248 3106 330 3156 Pierii
340 3106 472 3155 Valerlani
483 3105 617 3170 epistolam
629 3107 694 3157 Pro·
735 3108 809 3173 equis
819 3108 960 3159 Protesilai
972 3106 1109 3169 implicatis
1117 3103 1207 3167 capior
1225 3105 1261 3152 sl·

170 3182 255 3231 tesllsl
275 3180 472 3244 responsoriam,
489 3188 518 3232 et
539 3189 622 3232 totam
640 3196 694 3232 rena
736 3191 818 3235 terum
825 3185 858 3233 de
867 3198 942 3234 curru
951 3195 1001 3231 nou
1009 3187 1165 3242 agnoscente
1175 3175 1259 3229 refero

171 3255 243 3320 spad
254 3256 384 3320 liniarum
397 3256 451 3308 iah.
462 3261 518 3307 104.
537 3259 582 3309 nbi
592 3259 695 3309 simula·
736 3260 768 3310 ad
781 3259 844 3309 illud
855 3256 960 3321 Virgilii
971 3254 1069 3317 θεοῖς.
1081 3266 1101 3302 r.
1118 3250 1163 3300 tiu.
1179 3253 1259 3303 ‘Fer-

172 3345 245 3382 crum
264 3330 394 3381 ‘aream'
412 3346 560 3397 proceressa
580 3335 657 3394 male,
668 3343 698 3384 nt
738 3341 779 3383 tur
789 3335 863 3396 equis
874 3332 1064 3395 aurigamque
1081 3324 1154 3375 audit
1171 3341 1260 3377 currus

171 3408 318 3463 multaslia,
326 3408 351 3456 lu
362 3408 632 3473 illosnetorelegitar.
643 3409 698 3472 lly-
736 3404 868 3457 habenas!

169 3485 232 3551 pino
250 3492 278 3536 et
293 3485 356 3535 illud
372 3486 537 3549 casuarium,
556 3484 625 3549 qnod
643 3486 698 3534 viso
768 3485 816 3532 2⁰8
829 3479 961 3545 Peaaiflest
971 3475 1077 3538 ssraaido
1094 3477 1197 3541 pern]
1219 3477 1261 3528 Ad

104 3586 108 3595 ·
168 3562 263 3614 marito
272 3561 402 3625 expirasse
411 3559 525 3625 lingitur,
538 3560 589 3620 sel,
600 3566 629 3610 nt
640 3560 693 3624 alli,
733 3558 845 3622 Virgilii!
857 3557 901 3606 illa
918 3553 1033 3620 respicit,
1043 3551 1166 3617 ‘pedibus
1184 3555 1261 3606 timor

167 3637 343 3689 Protesilaum
381 3635 491 3687 reditum
530 3634 693 3700 impetrasse.
734 3633 836 3686 addidit
866 3631 938 3694 alas,'
967 3628 1037 3681 atlas
1062 3629 1126 3680 trae
1152 3633 1262 3693 λιγυὸν.

169 3715 294 3780 Propera.
306 3726 325 3763 1.
337 3712 412 3763 ‘Non
423 3726 474 3777 ego
484 3710 628 3775 nnuc,’&e.
652 3709 696 3761 lta
733 3704 1264 3765 ‘Penulfieat'serciormat,ati'al.l·'lse-

171 3790 258 3840 Lirim
268 3787 431 3839 Andronicus
442 3788 605 3839 laodamlarn
616 3789 696 3839 intro·
734 3800 779 3836 eus
790 3797 810 3836 r.
827 3783 835 3811 ⁴
847 3781 990 3844 teratur:
1001 3788 1031 3831 ut
1040 3781 1139 3830 Plinius
1150 3779 1262 3831 ‘clariti-

173 3864 249 3914 daxit
265 3863 378 3915 raditum
400 3870 548 3915 sacrantem
571 3864 696 3930 conjugis.
735 3862 909 3914 eat'xa.28.
1223 3888 1227 3895 ·

173 3939 346 4003 Hieronymus
353 3938 424 3989 lllssa
432 3941 519 3991 occiso
528 3942 697 3992 marltcuolu·
769 3942 819 3988 406
831 3934 1153 3999 Etsomidsdilefreadess]
1164 3933 1261 3986 lionae

172 4017 225 4066 isse
235 4015 399 4079 superstrata
409 4016 511 4079 scribit,
521 4016 644 4068 adsersus
652 4018 698 4071 Ju·
738 4028 781 4064 ma
797 4015 830 4064 ll.
845 4018 875 4062 tt.
894 4010 1008 4061 uentu
1015 4013 1153 4075 βλοπροῖσι
1171 4012 1261 4074 sesso

171 4089 269 4141 riulan.
284 4103 304 4139 s.
315 4106 341 4154 p.
352 4094 408 4141 144.
435 4091 503 4141 viae
524 4092 659 4156 Papiniani
671 4107 698 4142 s.
738 4105 811 4139 ms:
829 4086 897 4139 nude
913 4086 1036 4150 Virgilius
1055 4084 1173 4152 deduxit,
1190 4089 1262 4208 ‘riqis

168 4166 318 4231 Sylsarnm,
329 4165 374 4216 ubl
386 4173 472 4217 tamen
480 4166 624 4217 Politlauus
635 4168 698 4231 poli·
737 4166 819 4215 mixta
827 4163 971 4214 Mezentius
982 4161 1039 4212 irs!
1055 4162 1149 4226 Papia.
1158 4175 1219 4211 rrrr.

169 4242 285 4294 tissimus
295 4256 344 4306 por
355 4240 514 4305 Phylaceida
523 4240 646 4292 Alcestim
660 4243 699 4292 ln·
737 4241 843 4306 Tydeo:
860 4247 905 4292 ‘et
916 4236 1076 4290 formidabile
1086 4235 1190 4287 ridens!
