3034 4928
394 394 445 447 ιιιι
466 396 647 447 muueris
673 397 781 447 snum
806 400 983 451 τιιοιιιιι.
1035 406 1042 413 ·
1182 389 1226 454 29

116 542 191 606 sed
203 549 297 607 etex
311 540 400 619 ullis,
415 548 451 605 et
464 541 614 604 menium
628 560 671 605 ex
688 541 836 625 Sisypho
858 543 943 621 (loo,
959 546 1120 627 scriptore
1135 545 1225 628 ejus·

118 641 205 704 dem
220 641 339 706 isrinae
353 647 387 705 et
399 649 505 717 notee,
522 658 619 723 quem
633 643 801 707 tinxerunt
815 643 937 710 Teucri
950 647 985 708 in
1003 646 1071 709 istu
1085 647 1224 730 expedi·

118 742 219 806 tione
243 742 351 806 fuisse
367 741 544 817 Comitem,
560 747 594 805 et
617 750 693 806 unte
717 744 901 807 Homerum
923 745 1038 809 itidem
1059 746 1223 829 Trojenus

118 859 181 905 res
197 844 390 924 posteritati
405 841 605 924 prodidisse.
647 840 737 907 Vide
760 843 877 908 Mulel.
899 864 975 927 pag.
991 846 1065 911 167.
1091 852 1126 911 et
1146 849 1223 913 168.

120 940 213 1006 Inde
229 962 309 1025 ergo
324 942 444 1008 hebuit
456 940 601 1005 Moleles
616 938 818 1007 hauddubie
833 963 941 1026 punee
955 944 1024 1018 illu,
1035 965 1111 1027 quse
1127 949 1223 1011 uliter

119 1060 164 1106 ac
181 1043 375 1126 Septimius
394 1061 439 1105 ex
464 1061 528 1105 suu
550 1041 693 1126 Diotyos
717 1043 935 1127 Ephemeride
955 1044 1064 1108 refert·
1105 1046 1222 1112 Tuceo

118 1144 238 1221 etiem,
254 1142 457 1225 Septimium
478 1142 612 1223 liberius
633 1144 669 1205 in
690 1143 847 1208 vertendo
868 1145 988 1225 egisse,
1004 1164 1046 1209 uc
1063 1148 1163 1212 modo
1175 1151 1222 1212 in·

118 1244 277 1308 dnlsisse
292 1244 437 1307 orationi
453 1244 485 1305 in
499 1244 601 1306 rebus
623 1242 776 1308 disertius
790 1244 1023 1326 explanandis,
1039 1246 1138 1311 modo
1152 1267 1223 1312 ner·

119 1346 292 1408 rationem
315 1363 423 1406 rernm
443 1345 664 1422 contraxisse,
680 1343 842 1409 Muluium
868 1363 960 1422 vero,
981 1353 1021 1408 nt
1036 1346 1223 1428 saepissime

119 1445 159 1507 tn
175 1444 258 1507 eliis
273 1444 357 1507 lecit
370 1443 529 1518 historiis,
544 1444 646 1507 etium
661 1444 714 1508 hic
730 1442 819 1507 hand
835 1443 945 1521 dubio,
958 1445 1125 1510 memorie
1140 1447 1222 1512 vitio

120 1551 187 1607 eut
200 1544 381 1627 imperitiae
396 1545 510 1625 culpo,
525 1543 651 1625 sepius
673 1561 821 1624 errasse3
843 1542 984 1626 deniqne
1005 1563 1098 1627 sepe
1120 1546 1220 1611 etiem

120 1645 302 1725 utriusque
316 1642 470 1707 librarios
483 1661 506 1705 u
516 1660 595 1706 roro
605 1649 641 1706 et
658 1643 801 1723 genuino
814 1642 922 1724 ipsius
937 1646 1085 1708 auctoris
1098 1645 1224 1711 dellex·

120 1745 207 1807 isse.
253 1741 335 1819 Quo
356 1741 474 1818 refero,
498 1742 644 1806 incertus
666 1747 788 1816 temen,
808 1747 915 1805 uuum
939 1743 983 1807 ud
1003 1743 1220 1824 libruriorum,

122 1861 168 1906 un
186 1844 305 1925 potins
322 1841 456 1905 Melelae
477 1841 583 1922 ipsius
598 1839 745 1921 colpum,
760 1839 850 1923 quod
872 1842 906 1904 in
924 1842 1027 1906 modo
1041 1851 1222 1910 memorate

123 1942 269 2006 historie
284 1943 421 2006 ultorum
433 1940 562 2005 illerum
579 1940 726 2004 Menelai
741 1940 897 2019 affinium,
911 1961 979 2006 non
1001 1947 1013 1980 ‘
1021 1942 1223 2027 Clymenen,’

124 2048 165 2106 nt
186 2024 268 2106 fecit
290 2041 474 2118 Homerus,
486 2040 644 2118 Ovidius,
665 2047 700 2106 ot
713 2041 898 2124 Septimius
910 2049 1033 2126 noster,
1048 2042 1108 2107 sed
1124 2049 1134 2081 ⁴
1144 2042 1222 2128 cry·

125 2142 379 2207 toemnestrem’
401 2162 531 2225 semper
545 2147 652 2206 rocct.
695 2140 840 2205 Accedit
852 2142 915 2219 his,
931 2141 1020 2224 quod
1035 2148 1068 2205 et
1078 2141 1222 2207 Meletos

125 2262 195 2305 non
204 2242 421 2322 descripserit
430 2241 528 2324 plene
543 2240 681 2323 Dictyn,
690 2239 749 2304 sed
761 2259 891 2303 summu
905 2240 1019 2304 itidem
1035 2260 1109 2304 cum
1123 2241 1223 2304 liber·

128 2346 204 2404 tute
217 2359 265 2404 ex
278 2341 437 2402 memoris
446 2341 575 2421 longius
598 2349 660 2403 sut
673 2341 809 2402 brevius
832 2340 903 2402 suis
926 2338 1036 2402 verbis
1050 2356 1104 2402 res
1125 2356 1168 2402 ex
1182 2358 1222 2403 eo

131 2439 288 2522 singulos
308 2442 517 2522 expresserit,
536 2447 574 2504 nt
592 2439 702 2522 liquet
722 2457 768 2502 ex
794 2443 845 2502 tot
866 2439 1015 2502 barbaris
1036 2439 1220 2518 vocubulis,

128 2540 230 2604 sicuti
246 2539 372 2622 possim
396 2540 487 2616 olibi,
503 2542 552 2604 its
578 2540 613 2602 io
634 2540 698 2604 bec
719 2558 853 2622 quoque
873 2538 1014 2603 historio
1035 2539 1123 2622 epnd
1144 2560 1219 2604 eurn

125 2640 392 2705 coessentibus.
435 2639 554 2704 Veluti
569 2637 697 2702 διυλίδιιν
711 2637 959 2723 κιιιβιιιιιιλαρῖιιν,
974 2638 1049 2703 119.
1071 2639 1220 2723 erpualdus

125 2743 174 2816 tls
192 2739 311 2825 χόραιι,
326 2740 401 2804 126.
423 2742 450 2802 is
471 2743 515 2824 τᾷ
537 2739 594 2824 lttp
615 2746 786 2817 παπυλιῶνι,
813 2738 883 2804 127.
904 2738 963 2802 itm
981 2737 1123 2819 μαιδᾶτιι,
1145 2741 1219 2804 136.
1259 2724 1265 2735 “

125 2848 160 2908 ot
173 2844 255 2920 elie,
276 2860 354 2926 quoe
369 2842 575 2906 alienissimo
590 2850 703 2908 sunto
720 2842 845 2908 Graeco
861 2842 1022 2926 temporis
1038 2841 1219 2907 Neroniani

126 2944 305 3026 scriptore.

171 3058 263 3107 xm.
286 3041 390 3108 Aliud
414 3064 494 3109 vero
514 3044 593 3108 huie
616 3045 787 3110 sententiae
810 3043 972 3128 opposuit
986 3042 1219 3107 Virdoctissl

124 3162 215 3215 mns,
229 3142 306 3207 Jos.
323 3144 505 3221 Mercerns,
528 3152 564 3208 et
587 3164 663 3227 quse
686 3163 762 3208 eum
792 3146 953 3228 sequitur,
984 3141 1082 3205 Anno
1105 3141 1220 3217 Fabri,

123 3244 300 3308 credentes
322 3244 459 3326 puriter,
473 3245 599 3328 Diotyn
620 3245 725 3322 illum,
747 3243 867 3327 ‘cnjus
883 3242 1010 3307 mentio
1030 3240 1121 3320 opud
1143 3240 1220 3302 Sui-

123 3344 208 3407 dum
236 3351 273 3406 et
297 3343 453 3421 Tzetzen,
477 3344 578 3409 ulium
599 3364 674 3409 esse
696 3364 718 3409 e
741 3343 880 3420 Nostro,
906 3342 988 3424 quio
1009 3337 1097 3419 opud
1127 3337 1219 3401 illum

127 3441 284 3518 OEnone,
299 3444 409 3508 auditu
424 3451 528 3509 morte
541 3447 689 3523 Paridis,
706 3441 885 3529 suspendio
908 3440 1054 3521 seipsam
1076 3439 1219 3503 sustule-

125 3544 186 3620 rit,
216 3562 296 3626 quse
322 3544 408 3625 epod
435 3545 593 3609 Nostrum
611 3562 661 3609 rr.
683 3544 738 3608 21.
764 3560 824 3624 per
848 3557 1021 3605 moerorem
1048 3538 1222 3605 deficiente·

123 3646 242 3708 animo
256 3644 462 3710 conciderit.’
489 3646 691 3729 Respicinnt
701 3646 812 3709 locum
820 3641 954 3707 'l'setnis
969 3639 1012 3705 ed
1026 3640 1218 3725 Lycophro-

123 3763 218 3820 nem,
231 3743 287 3807 ul.
302 3745 358 3809 ubi
369 3745 491 3811 dicitur
504 3745 735 3822 OEnone,cum
744 3741 1013 3826 deprehendisset
1027 3744 1038 3774 ‘
1052 3748 1218 3804 mortuum

117 3844 196 3926 ⁸ium
221 3842 333 3923 Parin,
354 3864 392 3909 se
420 3847 530 3928 ipsum
553 3845 743 3922 sustulisse,
757 3843 813 3907 vel
836 3841 1016 3905 secundum
1039 3837 1219 3915 Cointum,'

122 3947 242 4024 (quem
257 3964 280 4007 e
294 3944 421 4022 Quinto
435 3946 581 4010 Calabro
594 3951 752 4028 tunquam
767 3943 932 4006 diversum
946 3938 1033 4001 mule
1046 3938 1219 4017 distinguit

122 4042 240 4120 Αιιιιιι,
250 4050 370 4109 noturu
381 4044 423 4111 ud
436 4064 486 4109 ιν.
496 4047 549 4110 21.
572 4046 749 4109 ‘Ouinium
763 4048 897 4106 secutus
907 4037 952 4116 Q.
963 4036 1126 4114 Guleber,’
1141 4055 1220 4101 cum

120 4163 214 4208 unos
236 4142 393 4229 idemque
417 4147 531 4222 fuerit,
564 4145 605 4209 do
634 4162 701 4228 quo
722 4142 823 4207 velim
850 4140 965 4205 videus
989 4156 1069 4221 quse¹
1090 4137 1224 4201 notudt·
