3034 4928
243 395 496 447 ulssuurn‘rlo
521 397 572 445 DE
595 396 776 448 merolus
803 401 915 450 uuum
939 403 1119 457 ultorum.
1184 392 1224 457 21

129 545 197 605 aut
210 541 335 605 sensim
353 559 423 605 unu
448 559 525 604 eum
548 543 714 606 eommuni
737 544 844 607 amico
862 544 1112 611 intermeriatnr.
1157 548 1226 612 Lu-

129 642 220 705 bens
243 642 361 725 itaque
382 641 506 724 arripui
521 643 799 727 qualemcumque
824 645 908 709 hune
931 648 1144 711 occasionem
1160 658 1226 712 tes·

130 741 228 806 tandi
249 742 387 826 publice
408 761 516 807 meam
534 743 576 806 de
595 750 628 808 te
653 745 939 823 existimationem,
961 755 997 810 et
1017 748 1113 812 simul
1136 750 1223 813 erbi-

132 843 233 907 trium
249 842 294 905 ad
308 848 342 907 te
356 841 528 908 deferendi
541 844 641 927 hujus
657 845 700 909 de
715 846 839 929 Dietye
863 845 1015 911 Cretensi
1029 855 1064 913 et
1077 849 1152 932 ejus
1168 850 1224 913 In·

130 947 279 1025 terprete
292 941 547 1024 disputationis,
563 946 671 1009 tenuis
685 945 776 1009 illius
792 946 925 1029 quidem
939 957 973 1011 et
987 949 1120 1029 exigue
1134 969 1226 1032 pror·

129 1060 199 1117 sus,
222 1041 285 1105 sed
310 1044 366 1106 oui
380 1044 522 1126 peritior
535 1052 583 1120 te,
607 1051 664 1109 aut
686 1046 813 1128 nequior
836 1048 993 1110 constitui
1014 1049 1137 1113 arbiter
1157 1069 1224 1114 non

128 1146 274 1223 poterat,
291 1144 418 1225 quippe
432 1145 490 1227 qni
503 1143 578 1226 ipse
594 1146 701 1209 omniu
716 1146 845 1225 generis
859 1152 895 1209 et
909 1148 1021 1210 uelatis
1036 1148 1225 1231 Scriptores

129 1250 263 1306 ueteres
278 1261 345 1305 non
371 1249 496 1308 tantum
510 1247 703 1309 excusseris
718 1247 846 1323 sedulo,
859 1247 918 1310 sed
941 1256 975 1311 et
997 1264 1058 1330 pur
1077 1257 1112 1312 te
1134 1251 1224 1313 illus-

129 1348 239 1406 tratos
271 1341 428 1407 edideris.
485 1343 582 1422 Vale,
610 1345 675 1410 Vir
704 1348 996 1423 Preuutantissime,
1025 1356 1058 1410 et
1084 1348 1224 1414 feliciter

128 1460 234 1524 porro
248 1447 342 1506 tuam
367 1463 409 1507 ao
422 1444 606 1510 literarium
630 1465 698 1510 rem
713 1466 801 1529 gere.
844 1446 997 1528 Lugduni
1017 1448 1051 1511 in
1067 1446 1221 1527 Batavis,

130 1563 162 1608 a.
177 1543 211 1608 d.
228 1560 280 1608 ιν.
307 1543 390 1608 Idus
404 1544 563 1621 Sextiles,
579 1561 638 1612 oro
652 1562 758 1612 recor.

538 1763 835 1775 -—-—.-....

431 1930 615 1983 stumfius
631 1931 940 1985 mssuuuuuloms.

128 2041 152 2091 1.
167 2043 262 2093 Nullus
272 2044 363 2094 extitit
374 2044 468 2109 Dietpa
478 2044 620 2106 cretensis,
632 2045 675 2108 qut
686 2045 810 2109 Trojanss
822 2060 862 2095 res
872 2046 923 2096 iilis
934 2045 1093 2109 temporibus
1109 2045 1221 2111 seripse-

161 2123 208 2185 rir,
225 2123 296 2187 quud
314 2123 474 2174 tradiderunt
494 2123 582 2173 Greci
601 2124 725 2187 sequioris
743 2125 801 2182 seri,
821 2132 849 2174 ut
865 2126 1023 2175 recentiores
1040 2124 1150 2175 Eruditl.
1182 2125 1221 2174 ll.

161 2201 273 2252 Grecos
283 2203 348 2253 istos
358 2217 409 2252 neu
417 2202 535 2253 imbuisse
542 2204 620 2252 alium
633 2204 740 2265 Dictyn,
752 2218 827 2267 quarn
838 2204 919 2263 iilum,
929 2218 1005 2266 quem
1015 2203 1155 2266 Septimius
1168 2217 1223 2252 rer·

162 2280 208 2341 tlt,
216 2280 347 2342 probatur
357 2288 448 2330 eontra
457 2281 602 2331 llereurnm
615 2282 737 2346 aliosque.
782 2280 835 2353 ΙΙΙτ
853 2280 951 2328 Eadem
963 2281 1002 2328 iiii
1012 2279 1118 2329 tradunt
1136 2280 1168 2328 du
1186 2280 1224 2328 in·

165 2365 249 2409 seusu
263 2358 375 2421 Dictys,
392 2373 448 2421 qua
460 2359 598 2423 Septimius
611 2360 644 2410 de
655 2374 710 2408 suo.
742 2359 789 2408 IV.
806 2359 859 2408 Per
869 2357 1003 2409 Claudium
1015 2357 1083 2420 apud
1094 2370 1138 2406 ees
1149 2358 1224 2409 intel·

164 2436 213 2499 iigi
232 2436 315 2486 debet
335 2436 417 2500 Nero,
435 2444 462 2488 et
479 2452 549 2503 sepe
568 2439 606 2489 ita
622 2438 815 2489 contunduntur
832 2437 927 2487 diuersi
940 2435 1081 2487 eorundem
1092 2437 1221 2488 nominum

163 2513 353 2579 Imperatores·
373 2516 405 2564 V.
418 2516 519 2566 Revera
527 2518 596 2566 enim
604 2519 629 2567 iu
639 2518 769 2568 Neronem
776 2517 942 2577 conueniunt,
949 2531 1007 2581 que
1013 2516 1045 2565 de
1056 2524 1131 2566 terre
1140 2524 1221 2578 motu,

161 2602 190 2643 et
198 2594 297 2658 Dictys
306 2600 368 2644 tune
377 2595 480 2645 invente
490 2610 521 2644 au
533 2596 631 2645 Neroni
641 2596 728 2646 oblato
737 2596 883 2646 traduntur.
903 2595 951 2646 Vl.
964 2596 1102 2660 Utriusque
1109 2604 1136 2647 et
1146 2596 1220 2646 Gru·

156 2674 185 2724 ei
193 2681 224 2724 et
233 2675 322 2723 latim
334 2674 443 2738 Dietyus
450 2675 516 2724 idem
529 2673 581 2724 fuit
590 2676 689 2738 titulus,
700 2675 767 2739 quod
779 2676 862 2740 liquet
873 2690 906 2724 ex
921 2675 1010 2737 fluida,
1027 2675 1049 2724 si
1068 2676 1124 2739 eius
1142 2675 1221 2724 rerba

160 2761 235 2804 reete
246 2754 450 2817 distinguantur.
483 2754 546 2804 Vll.
563 2754 679 2818 Uterque
689 2754 786 2804 dieitur
797 2755 879 2804 literis
890 2754 995 2804 Punicis
1004 2767 1074 2804 suam
1085 2753 1220 2816 scripsisse

161 2834 317 2883 Historiam.
350 2833 430 2883 Vlll.
447 2833 578 2885 lohannes
589 2832 698 2883 Maielss
712 2847 746 2881 ex
757 2833 849 2883 Graeco
860 2832 963 2896 nistre,
974 2840 1002 2882 ut
1011 2833 1151 2895 Septimius
1162 2846 1220 2885 uss·

161 2919 212 2975 ter,
223 2914 249 2962 in
265 2912 384 2962 Historia
394 2912 462 2961 Belli
477 2912 594 2975 Troiani,
610 2926 714 2975 prorsus
728 2912 893 2962 conveniunt.
926 2912 975 2963 lx.
991 2911 1117 2963 Quadam
1135 2920 1219 2961 tamen

161 2992 244 3042 ueluti
261 2992 434 3043 Cuuseterus
452 2991 578 3047 Heroum,
593 2990 660 3053 apud
677 2991 800 3041 Malelam
816 2998 844 3040 et
854 2992 1113 3055 allos,exponuatur,
1124 3005 1180 3056 que
1192 2992 1219 3040 in

159 3071 325 3135 Septimiauo
342 3072 442 3134 Diusye
457 3084 507 3119 uun
525 3071 697 3134 reperiuntur.
730 3070 765 3121 X.
787 3071 838 3120 Sed
859 3071 998 3135 Septimius
1020 3070 1125 3119 liberius
1143 3069 1222 3119 uertit

161 3149 271 3213 llietyu.
289 3163 403 3214 eumque
419 3150 609 3214 contraxitque,
619 3157 647 3199 et
657 3150 775 3214 quedam
785 3152 811 3200 in
828 3165 860 3201 eo
872 3150 1042 3215 pretermisit.
1075 3149 1126 3199 xl.
1142 3149 1223 3199 Patet

163 3230 191 3277 id
205 3232 349 3279 eisrissime
364 3244 398 3279 ex
411 3231 466 3279 loeo
477 3230 586 3293 Dictyos
597 3230 677 3279 nostri
689 3243 708 3278 r.
718 3235 744 3279 s.
755 3231 799 3294 qui
810 3230 958 3293 explicatur
969 3243 1001 3277 us
1012 3227 1117 3275 Malaia.
1155 3224 1224 3276 x11.

164 3308 197 3357 ln
209 3310 363 3372 quibusdum
381 3318 465 3358 tsrnen
480 3309 558 3357 etiem
571 3309 596 3358 iu
607 3308 736 3359 diversum
748 3325 763 3359 a
774 3310 901 3372 Septimio
912 3308 968 3356 abit
976 3302 1222 3371 quandoqnexliale·

163 3386 213 3449 las,
227 3388 303 3450 eujus
318 3390 355 3438 rei
367 3389 445 3438 sarim
457 3388 600 3438 reddantur
611 3390 733 3439 rationes.
764 3388 845 3439 Xlll.
863 3389 1048 3448 Argumentum
1060 3383 1171 3433 Mureeri
1188 3398 1221 3433 es

167 3466 289 3515 llistur'm
297 3467 407 3517 (limones
418 3467 451 3516 sd
462 3467 632 3531 probandum,
640 3469 736 3532 Dictys
748 3468 869 3517 Grumum
881 3464 960 3514 luisse
971 3462 1047 3513 aliun
1066 3479 1082 3513 u
1099 3464 1221 3528 Septimi·

166 3559 230 3605 suu,
246 3543 378 3594 refellitur.
404 3548 447 3596 De
458 3546 538 3596 ruriso
547 3544 720 3609 ’Ardmrtlm
751 3546 826 3596 xlv,
839 3544 961 3610 Sequitur
969 3558 1001 3593 ex
1012 3544 1061 3608 iris,
1069 3544 1221 3608 Septimium

166 3639 230 3675 sere
248 3625 358 3674 uertisse
373 3626 437 3675 hauc
453 3625 594 3675 Historiam
612 3642 643 3676 es
660 3627 764 3689 (iunco,
781 3625 849 3691 quod
867 3626 934 3675 male
946 3632 1082 3691 negatura
1093 3624 1221 3676 Vossioet

164 3706 297 3755 Merseru.
330 3705 389 3754 Xv.
406 3704 537 3755 Probstur
551 3706 577 3755 ld
598 3720 631 3755 ex
647 3707 795 3757 Gruclnmis
814 3705 838 3755 el
854 3703 1041 3770 frequentibus.
1074 3702 1150 3752 XVI.
1166 3702 1220 3753 Pro

164 3784 322 3834 Grueismis
330 3784 446 3833 issbenda
456 3785 483 3834 in
492 3784 672 3847 Versionibus,
680 3800 738 3851 qun
750 3799 782 3834 ex
794 3785 887 3836 Grreeo
903 3782 1012 3832 iermsta
1023 3781 1082 3832 istiu
1092 3790 1153 3831 suut
1167 3781 1221 3832 fre·

163 3865 281 3928 quentiu,
287 3865 349 3914 lieet
357 3864 426 3927 upari
439 3864 504 3913 allus
510 3879 611 3929 qnoque
622 3866 712 3916 similia
718 3866 825 3927 locutis,
832 3864 878 3914 sed
888 3864 979 3923 rarius,
985 3868 1116 3911 occurrat.
1133 3861 1223 3912 xvii.
1252 3864 1256 3871 '

165 3942 271 3992 Meieim
289 3958 347 3992 uum
363 3942 493 4005 Cedreuo,
504 3952 532 3994 et
544 3945 651 4008 Dietyoa
662 3944 815 4008 Septimiaui
826 3943 905 3993 uerba
916 3943 984 3992 luter
999 3956 1028 3991 ae
1045 3939 1222 4003 conferuntur,

164 4020 339 4070 emendentur
361 4022 449 4085 etiarn,
469 4029 497 4072 et
509 4032 641 4074 notentur.
672 4023 777 4074 xvul.
793 4023 852 4072 Alia
863 4035 951 4072 eorum
963 4021 1042 4071 rerba
1052 4022 1222 4084 rerumplaue

160 4101 331 4164 singularium
349 4100 439 4152 itidem
460 4116 601 4166 congruere
620 4102 801 4153 ostenduntur.
838 4101 947 4150 Maleias
967 4100 1046 4150 etism
1066 4099 1221 4163 explicetur.

160 4180 244 4233 xlx.
261 4179 402 4232 Cunlurtur
417 4183 504 4233 denuo
519 4182 598 4247 louge
614 4183 695 4234 serlus
710 4179 893 4243 ilistoriarum,
903 4178 994 4230 eodum
1006 4191 1109 4244 prorsus
1122 4178 1223 4239 ordine,
