3034 4928
295 396 336 460 14
464 410 633 459 rosanus
659 406 811 458 vossius
838 406 885 458 nu
908 407 1023 456 nrcrr
1049 400 1199 456 carino.

512 644 594 721 nu
637 643 847 721 nrcrr
888 641 1158 726 anurnio,
1299 602 1304 605 ’

602 792 672 858 EX
696 792 864 859 EODEM
884 789 1054 858 vosslo

567 927 624 976 nu
651 925 889 977 ursroarcrs
918 923 1094 976 narrare.

290 1063 335 1144 Q.
351 1064 557 1128 Surrentina
580 1063 752 1129 Romanus
777 1064 896 1129 Latine
922 1065 1066 1129 creditur
1090 1063 1231 1128 vertisse
1247 1063 1369 1147 Dictyn

289 1166 479 1232 Cretensem
500 1166 541 1230 de
562 1167 651 1231 bello
673 1166 840 1249 Trojano:
873 1187 1015 1250 eamque
1045 1168 1294 1232 translationem
1320 1166 1371 1229 di-

288 1285 384 1330 casse
400 1264 445 1345 Q.
459 1265 604 1330 Arcadio
628 1266 762 1343 Rufino,
776 1268 834 1350 qui
855 1268 919 1331 snb
939 1267 1160 1331 Constantino
1181 1265 1268 1348 Imp.
1289 1283 1371 1328 con·

195 1410 198 1415 -
287 1367 432 1431 sulatum
450 1367 555 1449 gesat
576 1385 665 1431 anno
687 1367 779 1431 urbis
795 1382 995 1432 crnnxvrrr.
1039 1365 1105 1431 Sed
1120 1367 1276 1450 quisquis
1291 1384 1370 1430 auc·

286 1470 338 1531 tor
356 1473 408 1531 est
428 1465 502 1549 ejus
524 1467 649 1551 operis,
671 1465 804 1557 latine,
818 1485 886 1530 nou
904 1465 1024 1531 Graece
1040 1466 1184 1549 scripsit
1226 1450 1368 1531 Graecos

285 1574 399 1631 tamen
420 1573 572 1632 auctores
587 1586 663 1631 cnm
682 1566 812 1650 judicio
837 1568 919 1649 legit
940 1573 1042 1651 atque
1057 1586 1104 1630 ex
1129 1568 1170 1630 iis
1186 1568 1368 1650 excerpsit,

284 1685 361 1749 quse
372 1666 501 1730 veritati
515 1672 740 1732 consentanea
753 1666 947 1732 viderentur.
993 1666 1025 1731 N
1027 1686 1067 1731 ec
1083 1674 1193 1731 tamen
1205 1665 1366 1733 Constan-

223 1850 228 1860 Ι
283 1767 343 1830 tini
358 1785 446 1842 aevo,
468 1766 526 1830 sed
541 1768 677 1831 saeculis
691 1767 821 1851 aliquot
835 1775 926 1852 post,
942 1768 1068 1831 vixisse
1082 1786 1222 1832 censeo:
1246 1769 1310 1832 etsi
1325 1788 1367 1833 ea

283 1866 329 1929 sit
343 1864 500 1930 dictionis
517 1866 690 1948 elegantia,
706 1874 819 1931 utnon
841 1867 993 1950 indignus
1007 1868 1140 1931 omnino
1157 1866 1366 1932 Constantini

282 1964 415 2049 quidem
427 1967 554 2030 saeculo
568 1966 726 2032 videatur·
770 1966 872 2047 Quod
888 1968 1039 2051 inprimis
1055 1974 1147 2051 patet
1161 1986 1206 2031 ex
1220 1968 1365 2033 editione

280 2084 406 2148 nupera
414 2064 517 2148 juxta
527 2065 612 2131 Mes.
622 2065 707 2132 Cod.
718 2068 889 2133 emendata
904 2067 1127 2150 qrroeLntetiae
1139 2068 1259 2152 prodiit
1270 2070 1365 2150 apud

281 2164 599 2248 Ronstepnanum.

454 2381 580 2444 mnu
604 2382 668 2444 nu
690 2380 964 2447 ursuourcrs
989 2358 1181 2447 narrum

675 2510 766 2575 Part
779 2526 818 2574 11.
843 2511 909 2575 Lit
926 2513 969 2579 D.

278 2655 352 2721 Hm
375 2674 508 2741 quoqne
529 2657 674 2741 aliquem
700 2657 764 2722 sibi
784 2658 892 2721 locum
916 2661 1090 2741 postulare
1103 2660 1235 2724 ridetur
1250 2661 1360 2726 Dares

277 2756 453 2841 Phrygius,
476 2757 531 2821 vel
557 2758 670 2839 potius
691 2756 930 2840 supposititius
957 2760 1108 2841 scriptor,
1133 2760 1190 2842 qni
1211 2761 1273 2823 snb
1295 2759 1360 2824 hoc

275 2857 407 2919 nomine
430 2856 667 2921 circumfertur.
711 2856 748 2921 Is
778 2875 822 2920 ex
851 2854 974 2921 Graeco
999 2877 1022 2921 a
1049 2856 1204 2923 Cornelio
1225 2859 1359 2942 Nepote

274 2955 458 3021 translatus
472 2963 546 3021 est:
569 2957 599 3023 si
615 2957 770 3039 epistolae
784 2956 904 3038 nugaci
919 2958 1095 3035 credimus,
1117 2978 1195 3042 quae
1209 2959 1358 3041 praemit·

274 3056 364 3119 titur.
407 3056 488 3121 Scio
515 3057 639 3121 AEliani
674 3065 778 3122 oetate
800 3058 982 3121 etiamnum
1004 3060 1158 3122 extitisse
1179 3059 1357 3141 Phrygiam

180 3182 185 3193 ·
274 3155 408 3222 Daretis
422 3157 575 3222 lliadem.
620 3155 710 3221 Nam
730 3158 766 3221 id
787 3159 872 3222 satis
887 3158 992 3242 liquet
1013 3178 1059 3223 ex
1078 3158 1150 3241 ejus
1164 3158 1244 3223 Ver.
1263 3157 1356 3221 Hist.

271 3257 295 3320 Ι.
307 3271 364 3322 xr.
380 3278 410 3323 c.
425 3258 478 3321 ll.
522 3258 589 3322 Sed
608 3277 674 3322 non
696 3257 823 3336 dubito,
833 3259 915 3341 quin
930 3260 1024 3342 longe
1046 3259 1133 3323 alius
1147 3258 1247 3323 inerit
1261 3258 1356 3324 Gre-

271 3375 333 3422 cus
356 3358 422 3424 ille.
466 3357 555 3423 Nam
581 3377 679 3443 quem
702 3376 765 3422 nos
791 3358 911 3424 latine
929 3359 1100 3435 habemus,
1124 3358 1211 3423 satis
1230 3359 1354 3441 prodit,

270 3474 307 3519 se
318 3458 450 3539 exiguae
464 3467 499 3522 et
514 3459 675 3524 doctrinm
691 3466 726 3525 et
740 3458 860 3543 judicii
877 3460 993 3525 fnisse.
1038 3457 1144 3522 Plane
1167 3466 1278 3523 auteur
1300 3479 1355 3522 ar·

269 3555 382 3631 bitmr,
407 3575 482 3620 esse
505 3567 724 3623 commentum
751 3559 909 3638 hominis,
939 3561 998 3643 qui
1027 3578 1092 3623 non
1115 3564 1183 3624 tam
1206 3561 1352 3636 verterit,
1429 3574 1438 3583 ·

269 3673 369 3737 qnam
383 3657 556 3745 scripserit
569 3656 701 3722 latina:
723 3658 824 3724 immo
837 3661 895 3743 qni
916 3659 1003 3725 haud
1027 3659 1208 3724 admodum
1230 3659 1351 3729 Latine

268 3755 414 3832 sciverit,
439 3764 479 3819 ut
506 3757 640 3853 omnino
669 3758 702 3820 in
729 3758 938 3842 Gluudorpio
962 3760 1126 3844 judicium
1152 3759 1350 3837 desiderem,

267 3871 345 3916 eum
358 3854 606 3920 translationem
620 3874 696 3921 earn
711 3854 855 3942 Nepotis
873 3879 948 3924 esse
963 3861 1113 3925 credidit
1156 3860 1299 3943 Majoris
1314 3869 1351 3925 et

267 3952 471 4030 emditionis,
484 3958 519 4018 et
532 3955 718 4036 elegantia,
731 3963 782 4022 est
794 3956 913 4041 Dictys
922 3959 1107 4026 Cretensis:
1126 3959 1244 4044 dequo
1255 3967 1350 4042 post·

265 4070 306 4119 ea
320 4053 479 4118 dicemus.
523 4054 634 4121 Daras
648 4055 811 4140 Phrygius
826 4076 900 4123 curn
919 4060 1002 4124 alibi
1024 4061 1137 4125 Metus
1158 4067 1262 4136 extat,
1277 4065 1349 4124 tnm

265 4148 498 4235 Cantabrigiae,
511 4154 544 4217 in
563 4155 766 4221 bibliotheca
781 4156 917 4238 Gaiana,
939 4166 972 4224 et
992 4160 1127 4238 Oxonii,
1143 4161 1175 4224 in
1199 4160 1348 4242 collegio

266 4251 420 4318 Omnium
435 4252 641 4320 Animarum.
