3070 4922
435 413 483 460 ns
509 412 626 459 nocco
650 412 822 461 ϊιιοιιιιο
849 414 919 461 ιιι.
946 416 1000 463 ιν.-
1192 401 1258 466 ree

165 556 253 620 Ense
267 561 395 619 metens
408 554 546 628 medice,
561 562 826 637 prostratumque
841 556 961 638 impete
974 559 1080 638 primo
1189 559 1253 624 ³80

165 657 285 722 Calcat
297 676 387 738 equo
404 656 530 718 victore
544 656 670 720 aciem:
693 676 745 720 res
760 649 864 740 plene
877 665 1028 740 stupore,

165 759 281 823 Turba
295 757 389 839 sugit,
403 755 564 838 solusque
578 756 690 839 fuget:
712 758 763 820 sic
777 757 851 838 igne
867 758 1003 824 trisulco

164 859 255 924 Τοῖα
267 865 370 941 peret
384 876 550 939 percussu
564 857 694 935 demus,
709 878 788 941 pers
803 859 936 924 retheris
949 861 1030 924 irem

166 959 287 1037 Sentit,
301 966 337 1024 et
349 961 382 1022 in
397 968 537 1023 cunctos
552 959 679 1041 spargit
692 979 753 1023 sue
767 959 909 1024 fulmina
923 969 1036 1025 terror.

210 1061 314 1124 Haud
331 1061 424 1124 aliter
435 1060 516 1124 dirae
530 1058 625 1123 furiis
639 1063 798 1124 exterrita
811 1060 935 1126 dextrae

164 1163 356 1239 Barbaries,
366 1161 424 1226 det
434 1167 526 1242 terge
541 1162 633 1238 viro;
649 1160 811 1243 fugientiu
826 1164 953 1244 primus

167 1264 284 1327 Indice
298 1261 471 1344 deprendit
483 1280 577 1326 curru
590 1262 730 1344 vestigia
743 1263 832 1344 regis

167 1364 340 1440 AEecides,
354 1364 477 1445 qnippe
493 1363 569 1426 seris
584 1382 672 1445 apex
687 1364 849 1428 radiantis
862 1363 980 1428 inertes

165 1464 316 1529 Accusat
329 1464 493 1528 latebras:
517 1465 658 1527 onosie
671 1464 778 1546 glorie
791 1465 918 1528 rerum!

166 1565 256 1632 Tuta
268 1566 386 1649 inopes
399 1564 479 1628 setis
494 1563 612 1629 adimit
625 1563 715 1646 inge,
729 1573 830 1629 notus
844 1566 878 1628 in
889 1584 972 1630 euro

154 1668 250 1733 ·Dux
265 1669 368 1745 timet,
382 1674 417 1731 et
431 1666 511 1729 vites
524 1665 715 1730 discrimine
729 1654 814 1730 ditiu
828 1674 975 1747 gestans,

165 1767 254 1833 Cum
270 1768 369 1833 vellet
382 1768 529 1845 latuisse,
543 1768 649 1849 perit:
667 1767 738 1849 jem
752 1785 846 1829 sueva
861 1784 996 1830 cruores

168 1870 283 1933 Hnste
297 1870 383 1933 ulios
397 1868 555 1932 huusture
567 1869 654 1945 fluit,
669 1867 860 1949 primusque
874 1868 1011 1950 tepebat

167 1969 299 2043 Mucro,
314 1989 391 2034 enm
403 1988 520 2053 parma
532 1969 713 2052 repetitum
726 1968 894 2051 Telephus
905 1968 1008 2032 ictum

166 2072 307 2156 Depnlit
321 2071 460 2153 objectu,
475 2070 694 2154 dextramque
707 2069 807 2133 elusit
820 2069 952 2133 inanem

167 2173 312 2238 Missilis
327 2174 481 2239 innocui:
505 2173 613 2237 mixtu
627 2171 736 2255 pudor
747 2177 884 2253 asperat
897 2171 947 2233 ire

166 2275 357 2354 AEucidem,
371 2274 508 2352 frendet,
523 2279 624 2357 utque
634 2272 840 2355 ignescentia
854 2277 1010 2353 torquens

167 2377 321 2453 Lumine,
335 2376 430 2440 Tune
443 2394 538 2440 meos
552 2371 631 2457 (uit)
644 2391 746 2437 susus
759 2370 873 2434 fellere
886 2371 991 2446 nisus,

168 2478 214 2541 Et
226 2478 355 2541 steriles
370 2495 530 2559 quassare
546 2474 677 2539 minesl
700 2473 749 2537 sic
767 2470 867 2559 setus,
881 2470 915 2534 in
927 2470 1041 2554 ipsum

169 2577 350 2644 Vibresset
359 2578 522 2660 jucudum,
539 2575 654 2640 timido
668 2593 743 2639 cum
755 2572 927 2656 Telephus
943 2590 1014 2647 ore,
1191 2572 1256 2635 400

210 2681 293 2744 Heu
307 2699 421 2763 perce,
436 2678 624 2743 exclamet:
645 2677 763 2761 procul
776 2674 861 2750 heec,
873 2672 1050 2737 fortissime
1061 2671 1168 2752 gentis

169 2781 426 2866 Myrmidonum,
441 2786 591 2844 evertunt
604 2779 723 2863 Superi
737 2777 880 2861 prohret
900 2781 977 2839 tune
990 2774 1043 2837 bis
1056 2773 1163 2838 ullum

167 2883 341 2948 Pcrcuties
357 2882 508 2947 hosteml
533 2880 689 2964 quisquis
706 2879 761 2943 vel
775 2878 880 2942 sensit
894 2875 1072 2951 Achillem,

169 2983 324 3051 Sufficiet
335 2982 497 3048 cecidisse
512 2982 638 3047 semel:
661 2987 719 3044 tue
732 2978 872 3043 fulmine
885 2995 1020 3060 pessus,

168 3086 319 3151 Alterius
333 3103 399 3148 non
414 3083 532 3148 mortis
549 3088 644 3164 eget:
666 3099 725 3145 cur
740 3085 835 3145 torva
849 3076 1005 3142 minerisl
1193 3073 1258 3135 405

169 3186 250 3251 Non
263 3187 411 3269 tegimus,
425 3184 609 3267 meruitque
622 3188 752 3249 minen:
774 3181 842 3247 seis
861 3181 936 3261 ipse
952 3171 1117 3239 tumultus

659 3428 769 3482 NOTAE

201 3569 251 3617 882
268 3563 637 3627 testamentumque]
649 3561 694 3610 Sic
734 3571 802 3608 runm
813 3553 893 3603 ictum
910 3550 1041 3613 omittens,
1057 3545 1197 3598 celeritatis
1207 3545 1258 3611 sig·

169 3644 299 3694 vu‘corn
308 3655 399 3692 menos
407 3654 458 3690 ons
466 3639 549 3705 inger,
557 3637 694 3702 fugietque
734 3627 869 3682 nitiesndre
891 3641 963 3691 ergo.
996 3624 1069 3688 virg.
1093 3623 1126 3672 de
1142 3622 1258 3672 Mereor.

170 3714 408 3768 exereitusornnis.’
735 3709 840 3774 ‘Lybie
868 3706 935 3756 citos
964 3702 1049 3753 estitit
1081 3698 1149 3752 esls.'
1190 3698 1257 3747 Vide

202 3797 250 3841 set
267 3793 298 3842 Is
317 3797 411 3843 mese
427 3792 520 3855 spargit
536 3804 580 3839 eso
590 3786 695 3848 fusiss
734 3784 891 3846 &eligerunt
904 3777 981 3829 Patr.
992 3790 1034 3827 ιιι.
1045 3780 1086 3826 ii.

69 3912 80 3925 .
171 3865 694 3932 unu18tePspin.mesrtpaerosrtesm
766 3863 815 3910 ⁸0⁹
832 3860 866 3908 Et
882 3848 1193 3917 derilaquussurssrises]
1216 3861 1259 3898 ιιι.

171 3944 334 4005 tempestatis
360 3942 529 4007 descriptioni
562 3940 694 3991 subnectit
734 3936 788 3985 ‘Et
799 3933 899 3983 steriles
910 3928 1013 3981 rediisse
1026 3924 1133 3991 preces.¹
1166 3923 1260 3987 Pupio.

171 4026 299 4069 venustet
314 4021 461 4071 ‘Ettsuren
473 4031 608 4083 oppressos
619 4017 694 4067 mles·
735 4023 778 4061 ιιι.
799 4008 870 4072 Sylr.
889 4005 922 4056 de
935 4004 1097 4069 Hyrclutlro:
1113 4002 1261 4065 ‘quemque

169 4100 265 4144 rentur
275 4094 301 4144 in
312 4108 415 4161 equore
423 4092 533 4144 neuter!
735 4084 809 4134 irrits
825 4082 904 4131 tontis
923 4082 1016 4144 iserge,
1033 4079 1069 4130 Et
1087 4074 1180 4126 sterilis
1200 4086 1261 4123 eun·

200 4174 251 4221 :m
276 4170 335 4220 Just
351 4185 414 4220 sare
428 4182 523 4221 mes
539 4165 620 4215 Heus
639 4165 698 4215 elios
735 4156 925 4212 rumsltrmor!

166 4247 297 4314 mere]
319 4247 493 4306 Ἀποσιόησιι
507 4239 628 4317 Puitlon
645 4241 697 4304 prl-
