3006 4906
296 358 366 425 834
672 371 835 419 ornaris
859 370 1021 420 aaaron

295 520 409 584 iactus
423 522 486 592 est,
504 512 657 577 Priamus
667 531 789 593 magno
803 513 915 577 animo
933 512 1050 592 surgit,
1064 514 1187 594 ingerit
1194 517 1298 582 multu
1307 518 1376 582 mair

302 618 465 684 Antenori
479 624 514 680 et
528 616 666 680 AEnese:
689 633 747 677 eos
761 622 918 679 auctores
931 615 1014 679 belli
1028 618 1215 698 appetendi
1228 618 1339 696 tuisse,
1353 626 1379 682 et

301 721 434 802 legatos
458 716 492 781 in
512 716 682 782 Graeciam
702 716 867 793 mittendi,
892 736 968 780 cum
990 718 1065 799 ipse
1087 737 1226 802 qnoque
1243 719 1379 784 Antenor

300 821 433 902 legatus
445 818 591 895 redierit,
608 822 642 881 et
654 817 893 881 renuntiaverit
907 836 944 881 se
959 819 1203 883 contumeliose
1217 826 1377 884 tractatum

301 940 387 985 esse.
432 919 565 986 Deinde
581 924 617 983 et
630 917 786 994 AEneam,
801 918 860 1000 qui
873 936 948 981 cnm
963 916 1163 982 Alexandro
1179 919 1377 984 Helenamet

303 1022 451 1105 praedam
476 1020 641 1103 cripuerit.
685 1017 895 1102 Quapropter
918 1025 1050 1083 certam
1072 1019 1138 1083 sibi
1157 1037 1243 1096 esse,
1266 1039 1376 1102 prom
1455 1048 1460 1061 ·

301 1143 369 1189 nou
388 1122 480 1188 ficri:
501 1123 709 1204 imperatque
729 1125 768 1183 ut
787 1137 905 1182 ornnes
923 1120 1034 1203 parati
1059 1118 1137 1196 sint,
1158 1138 1228 1182 cum
1251 1120 1374 1200 signum

303 1225 442 1301 dederit,
465 1241 524 1307 per
545 1227 663 1305 portas
688 1218 905 1303 irruptionem
930 1219 1059 1284 iacere:
1082 1225 1142 1284 aut
1159 1221 1291 1297 vincere,
1316 1227 1373 1284 aut

302 1328 386 1391 mori
401 1325 465 1389 sibi
475 1330 601 1388 certum
613 1339 700 1387 esse.
746 1320 835 1387 Haec
849 1328 1030 1403 postquam
1044 1322 1144 1399 dixit,
1152 1323 1261 1388 multis
1270 1322 1374 1385 uerbis

296 1446 365 1492 eos
376 1426 541 1499 nodatus,
564 1423 740 1487 concilium
753 1421 891 1499 dimisit,
905 1420 1186 1505 Amphimachum
1206 1423 1241 1486 in
1260 1422 1375 1505 regium

301 1526 408 1601 duxit,
421 1524 574 1607 dixitque
599 1524 760 1588 severeri
785 1524 829 1587 ab
849 1522 903 1587 his
916 1524 975 1607 qui
999 1541 1117 1607 paoem
1138 1528 1312 1599 romanet,
1333 1541 1374 1584 aa

298 1625 464 1709 oppidum
477 1626 634 1711 prodant,
648 1643 774 1708 eosque
789 1625 914 1689 habere
928 1625 1053 1690 multos
1069 1625 1112 1689 de
1123 1625 1217 1708 plebe
1229 1623 1285 1707 qui
1297 1641 1372 1687 cnm

297 1728 351 1790 eis
365 1727 532 1791 sentiant:
555 1745 645 1809 opus
659 1744 737 1789 esse
752 1744 813 1790 eos
829 1724 981 1790 interfici.
1012 1726 1053 1791 Si
1064 1727 1130 1791 hoo
1139 1725 1261 1791 iactum
1272 1724 1324 1800 sit,
1336 1741 1372 1786 so

301 1828 443 1910 patriam
458 1827 679 1903 defensurum,
704 1832 741 1890 et
758 1826 904 1908 Argiuos
925 1835 1176 1910 superaturum.
1215 1824 1372 1907 Simulque

300 1932 407 2008 rogat,
423 1932 458 1990 nt
473 1927 539 1991 sibi
551 1926 660 1991 fidelis
675 1934 711 1990 et
721 1926 893 2004 obediens,
909 1932 1113 2011 paratasque
1127 1947 1204 1992 oum
1213 1926 1311 1991 armis
1321 1926 1374 1989 sit:

300 2026 353 2091 id⁵
370 2028 444 2092 sine
458 2028 654 2109 suspicione
666 2027 713 2091 ita
726 2025 797 2091 fieri
812 2046 935 2110 posse:
950 2036 1087 2110 postera
1094 2029 1159 2106 die,
1170 2030 1219 2093 itu
1230 2028 1280 2091 uti
1290 2026 1376 2101 solet,

300 2145 369 2191 rem
394 2125 544 2195 divinam
568 2129 744 2205 sactumm,
766 2147 896 2212 eosque
917 2128 961 2193 ad
982 2148 1116 2195 coenam
1139 2124 1375 2194 rooeturrmfl

299 2226 400 2293 uano
414 2229 678 2313 Amphimwhos
692 2229 835 2294 consilio
855 2231 1041 2314 approbato
1054 2230 1121 2295 hoc
1136 2231 1299 2296 iacturum
1309 2246 1376 2313 pra·

301 2328 417 2407 mittit,
432 2336 532 2413 atque
547 2332 596 2395 ita
611 2330 655 2394 ab
678 2349 720 2394 eo
741 2329 913 2396 discessit.
955 2331 1037 2415 [aa]
1058 2330 1189 2396 Eodem
1203 2332 1258 2396 die
1270 2347 1378 2394 conre-

301 2429 399 2493 niunt
412 2429 500 2493 clam
513 2429 673 2506 Antenor,
685 2429 901 2512 Polydamas,
915 2429 1108 2514 denegent
1121 2428 1376 2517 Amphidamas*

301 2526 416 2591 Dolon
425 2525 448 2592 :¹
463 2527 578 2593 dicunt
588 2549 625 2593 se
635 2530 746 2595 mirari
760 2531 975 2615 pertinaciam
989 2535 1077 2616 regis
1092 2535 1153 2616 qui
1164 2535 1301 2600 chusae
1312 2548 1377 2597 curn

300 2626 411 2707 patria
423 2637 458 2692 et
471 2631 654 2695 comitibus
669 2633 776 2714 perire
790 2632 916 2711 mallet,
927 2652 1026 2717 qnam
1041 2654 1161 2717 pacem
1171 2635 1288 2701 awa
1307 2632 1377 2719 ,An-

297 2732 393 2790 tenor
407 2728 456 2791 ait
468 2747 506 2793 se
520 2731 684 2795 invenisse
699 2732 782 2815 quid
797 2734 988 2799 iaciendum
1003 2735 1061 2813 sit,
1076 2737 1167 2820 quod
1184 2738 1291 2803 sibiet
1307 2731 1372 2797 itta

299 2829 333 2893 in
347 2846 518 2895 commum
530 2832 698 2915 proficiat,
711 2834 790 2898 darn
800 2836 867 2900 sibi
885 2845 919 2902 et
933 2838 1002 2903 iliis
1016 2838 1105 2903 foret
1122 2839 1224 2905 fides.
1262 2836 1373 2900 Omnes

333 3163 348 3206 6
369 3156 411 3221 tu,
422 3162 451 3208 et
461 3171 519 3208 mox
528 3163 613 3223 posset,
624 3158 769 3249 Delma-d
789 3160 877 3212 Vocare
889 3161 983 3226 Delph.

791 3333 901 3385 Nom

300 3442 402 3506 ercitu:
413 3444 440 3495 td
451 3450 501 3507 ert,
512 3458 569 3494 cum
580 3450 636 3496 toto
647 3447 775 3497 cxmcitu.
895 3445 909 3485 ¹
924 3445 1104 3511 samm]
1135 3448 1240 3498 Natiso
1249 3447 1385 3510 Auratum

332 3515 453 3581 'Easque
470 3520 756 3572 demoraturum
772 3523 824 3587 [re-
864 3529 977 3572 muntem
1003 3522 1141 3586 aarum
1167 3525 1232 3573 rori.
1271 3522 1387 3572 ἤπια

299 3590 365 3652 eurr]
379 3590 515 3652 ‘Vocare,'
526 3608 572 3656 pro
584 3597 765 3647 ‘vocaturum'
781 3598 825 3647 ln·
863 3596 967 3661 quidem
978 3597 1038 3648 oliui
1048 3598 1138 3660 mures
1146 3594 1386 3659 dnm-¹¹²8

299 3662 356 3712 nait
366 3669 462 3725 retem,
471 3677 516 3714 cor
532 3682 610 3733 saper
625 3684 700 3721 cunr
714 3672 824 3724 insertiri
865 3687 930 3722 onor
942 3674 1056 3738 Lycurgi
1065 3672 1132 3723 titius
1141 3686 1173 3721 er
1185 3671 1307 3732 atheia,
1320 3670 1388 3720 ὴ

299 3744 430 3800 opertere·
864 3764 897 3800 ex
916 3752 1034 3815 Opunta,
1059 3753 1135 3816 eujus
1154 3750 1233 3801 ssiu
1254 3748 1390 3800 tatuteeir

330 3810 338 3845 ¹
357 3813 489 3880 Ucalegon]
512 3817 564 3870 Hic
573 3818 761 3881 veneronum
773 3822 823 3873 Dr·
863 3826 1009 3884 Patrocles,
1020 3828 1085 3881 iton
1095 3824 1308 3878 nummatas

300 3889 622 3947 reradditaesciounde.
655 3894 723 3943 Nara
742 3894 775 3945 de
792 3910 824 3947 ee
895 3900 1010 3965 torua]
1034 3901 1117 3968 Atqui
1131 3896 1391 3968 immite-mn

299 3970 389 4015 taceat
399 3965 452 4018 aiii.
483 3968 566 4019 immo
577 3968 699 4032 Virgilio·
710 3970 823 4034 ejucia-
862 3978 931 4043 urae
945 3985 974 4029 et
989 3979 1120 4029 Diomede
1136 3981 1388 4044 interceptum·

298 4051 366 4089 mour
378 4040 506 4094 iucensam
517 4045 583 4096 dicit
590 4065 598 4109 ς
615 4060 691 4111 aqua
701 4047 824 4099 verisimi-
863 4053 954 4102 boant
964 4053 1057 4103 Dein.
1076 4052 1131 4102 ded
1142 4069 1158 4103 a
1169 4061 1282 4119 recepta
1290 4054 1385 4104 nnu-

298 4114 358 4164 iiter
379 4116 469 4168 (irari
490 4119 727 4186 minorarentur
755 4124 823 4176 inter
862 4128 1203 4192 minantum.

298 4191 445 4253 proditores
455 4193 548 4242 tunm
559 4194 704 4258 Ucalegon.
