2992 4910
338 874 745 999 escures
810 873 1336 1053 csuuuusrs

527 1191 604 1268 DE
656 1190 833 1268 BELLO
882 1189 1142 1270 TROJANO
1258 1248 1261 1253 ⁴

715 1452 865 1519 LIBER
906 1451 952 1519 V.

287 1896 517 1991 Auruncus
533 1922 781 2008 Talthybioque
797 1920 966 1987 civitatem
986 1922 1157 2004 ingressis,
1178 1925 1294 1990 cuncti
1317 1942 1376 2008 pe·

287 2028 423 2111 palates
439 2028 601 2111 sociique,
616 2024 747 2108 cognite
760 2042 806 2102 re,
817 2043 959 2108 propere
974 2033 1185 2103 concurrunt,
1199 2027 1375 2109 cupientes

287 2129 478 2213 dignoscere
491 2149 567 2215 ques
582 2127 672 2212 apud
687 2124 830 2191 Groecos
844 2125 1007 2190 actitata¹
1024 2132 1156 2190 essent:
1171 2127 1293 2210 quibus
1303 2125 1378 2189 An·

287 2237 384 2296 tenor
398 2231 432 2295 in
445 2231 634 2314 proximum
650 2226 738 2291 diem
758 2225 916 2290 relatnm¹
936 2224 1064 2290 differt:
1086 2233 1187 2310 atque
1200 2227 1249 2291 ita
1259 2225 1378 2291 dimis-

287 2349 328 2394 so
350 2340 530 2408 conventa,
546 2327 740 2394 disceditur.
782 2324 868 2389 Turn
887 2325 973 2389 inter
995 2326 1127 2409 epulas,
1145 2346 1221 2392 cum
1235 2326 1379 2413 Talthy-

287 2432 387 2496 bins³
411 2435 596 2506 interesset,
618 2428 706 2492 filios
729 2444 808 2492 sues
835 2444 967 2490 monere
981 2424 1142 2505 Antenor,
1157 2428 1239 2492 nihil
1264 2427 1320 2492 his
1344 2428 1378 2492 in

287 2532 360 2594 vita
380 2529 643 2606 custodiendam,
657 2546 758 2611 qnam
773 2526 822 2591 uti
839 2525 1104 2609 antiquissimam
1118 2527 1279 2593 ducerent
1300 2547 1377 2593 cam

287 2627 419 2694 Graecis
440 2629 645 2693 amicitiam:
668 2628 746 2692 dein
769 2625 999 2711 singulorum·
1024 2629 1240 2706 probitatem,
1263 2628 1375 2704 fidem,

288 2733 389 2812 atque
408 2729 627 2793 innocentiam
642 2729 943 2807 commemorande,
967 2729 1160 2796 admiratus.
1204 2730 1261 2796 Ita
1284 2731 1374 2796 mtto

286 2828 455 2908 convivio,
480 2830 655 2912 quietum*
677 2828 865 2894 disceditur.
908 2829 957 2896 At
980 2830 1064 2896 incis
1087 2831 1197 2910 initio,
1220 2830 1378 2898 omnibus

282 2929 355 3013 jam
369 2929 405 2995 in
426 2930 570 2996 concilio
591 2930 850 3014 expectantibus
864 2931 980 2997 audire
998 2932 1028 2997 si
1048 2934 1124 3017 qais
1139 2934 1262 2999 modus
1276 2935 1390 2998 tantis·

287 3031 387 3097 malis
407 3032 511 3110 fieret,
524 3051 601 3097 cnm
622 3032 801 3116 Talthybio
822 3033 898 3117 ipse
919 3035 1022 3110 venit,
1043 3054 1151 3118 neque
1171 3036 1276 3099 multo
1298 3041 1378 3117 pest

199 3138 202 3142 ’
288 3131 427 3212 AEneas,
441 3132 518 3198 dein
538 3134 694 3198 Priamus
714 3152 790 3196 curn
804 3132 948 3199 residuis
963 3134 1094 3219 regulis.
1137 3135 1201 3220 [2]
1223 3135 1377 3218 Denique

287 3234 346 3299 ubi
360 3254 403 3301 ea
416 3255 493 3319 quoe
506 3254 530 3300 a
543 3234 676 3301 Graecis
691 3233 840 3299 audierat
860 3233 971 3300 dicere
988 3236 1106 3320 jussas
1119 3243 1184 3315 est,
1198 3237 1261 3301 hec
1274 3233 1377 3300 mede

287 3334 465 3404 disseruit:
488 3333 650 3413 ‘Grare,¹’
665 3332 804 3418 Trojuai
831 3335 1011 3419 principes,
1033 3354 1161 3419 vosque
1184 3337 1282 3415 sccii,
1304 3354 1381 3419 gn·

287 3455 331 3500 ve
343 3438 470 3503 beilum
484 3438 581 3503 nobis
594 3436 762 3501 excitasse
774 3433 951 3499 adversum
960 3433 1142 3514 Graeciam,
1153 3436 1287 3519 gratim
1295 3455 1381 3500 vere

287 3536 462 3620 multoque
472 3537 601 3616 durius,
615 3536 763 3603 muneris
773 3554 891 3612 causa,
906 3535 1107 3620 hostesqae⁵
1122 3535 1251 3603 effectes
1268 3555 1381 3618 qnam

740 3729 785 3751 m
786 3728 919 3751 ΟΟΟΟΟΟ

319 3860 332 3905 1
350 3854 445 3922 Deiph.
455 3862 568 3910 uta-e
584 3857 678 3923 Deiph.
688 3861 822 3911 reatu-t
838 3861 936 3926 Delpir.
948 3861 1182 3926 resisteremus.
1195 3857 1293 3910 enine·
1315 3874 1382 3910 raes

288 3918 407 3972 tua-4
422 3923 505 3974 Deest
515 3925 542 3975 ta
554 3922 769 3988 nupseram,
783 3925 881 3975 inserta
898 3924 988 3976 recula
1005 3932 1111 3976 ten-s
1129 3925 1267 3976 omitum
1286 3927 1382 3975 voe-a

772 4070 883 4122 NOTAE

316 4169 329 4196 ⁸
344 4160 506 4229 Singaras]
523 4165 673 4217 Groecerum
684 4180 787 4231 nempe.
848 4168 900 4221 Sed
910 4180 989 4232 grave
999 4144 1049 4224 ert,
1059 4168 1108 4217 &c

317 4238 330 4272 ⁸
348 4238 441 4302 orm]
457 4240 527 4289 Cere
538 4240 634 4304 jungar
649 4256 707 4293 cnm
719 4242 810 4294 istim.
