2992 4910
300 404 366 480 228
650 421 811 474 nronros
835 416 1042 472 ouurnusls
1111 420 1116 431 ·

302 572 395 646 bant,
417 565 549 650 genitus
568 563 700 630 Achille
722 583 768 629 ex
790 563 969 629 Deidamia
991 562 1219 647 Lycomedis,⁸
1239 562 1379 648 snpemc·

302 667 423 747 nisus,b
436 667 571 733 offendit
585 667 747 732 tumulum
764 671 969 737 exstructum
980 665 1053 747 jam
1068 672 1223 747 exparte
1236 668 1383 731 maxima.

302 771 391 837 Dein
405 776 622 853 percontatus
635 769 761 832 exitum
776 776 924 851 paterne
938 765 1069 843 mortis,
1083 767 1286 850 doctusque,
1304 766 1384 850 llyr-

303 870 467 945 midonus,
491 877 622 952 gentem
637 868 851 933 fortissimam
866 872 900 931 et
912 867 1072 951 inclytam
1096 867 1271 945 bellandi:
1291 866 1383 931 armis

303 975 401 1055 atque
415 970 533 1034 animis
548 966 743 1048 confirmat3
765 967 990 1051 impositoque
1003 965 1159 1031 faciendo
1175 971 1267 1052 operi
1289 969 1385 1032 Pboc·

302 1072 403 1148 nice:
425 1070 469 1135 ad
493 1088 597 1134 naues
623 1075 723 1152 atque
746 1069 789 1133 ad
812 1070 952 1134 tentoria
975 1069 1122 1151 parentis
1134 1070 1319 1134 contendit:
1338 1069 1383 1133 ibi

304 1171 478 1237 custodem
489 1189 595 1234 rerum
607 1166 747 1234 Achillis
757 1168 1020 1252 Hippodamiam
1032 1170 1258 1234 animadvertit.
1280 1169 1380 1233 Mox·

303 1292 370 1359 que
384 1273 530 1337 adventu
544 1270 620 1354 ejus
634 1270 781 1351 cognito,
796 1270 830 1333 in
844 1269 982 1334 eundem
997 1269 1107 1333 locum
1122 1289 1144 1334 a
1157 1270 1278 1335 cunctis
1291 1268 1378 1334 duci-

242 1450 247 1458 ,
303 1376 368 1440 bus
382 1372 605 1438 concurritur:
627 1370 727 1454 bique
742 1370 790 1433 uti
807 1369 952 1433 animum
966 1388 1098 1451 aequum
1113 1369 1256 1448 baberet,
1273 1370 1383 1453 deure-

303 1480 429 1539 cantur.
475 1472 562 1550 Quis
576 1471 719 1552 benigne
734 1470 951 1552 respondens,
972 1489 1034 1534 nce
1048 1471 1114 1534 sibi
1136 1472 1187 1535 ait
1208 1473 1380 1555 ignoratum

302 1593 390 1651 esse,
401 1573 523 1646 omnia,
534 1590 609 1655 quae
620 1571 782 1635 divinitus
794 1571 984 1650 confierent,
992 1571 1069 1636 sorti
1079 1581 1215 1655 pectore
1225 1573 1380 1657 pntimde,

302 1693 410 1758 neque
439 1674 596 1758 cuiqnam
624 1672 855 1758 superlatum
882 1672 1015 1737 vivendi
1043 1692 1243 1739 concessam
1266 1675 1381 1757 legem:

302 1779 433 1858 turpem
455 1794 600 1859 namque
621 1792 661 1838 uc
683 1772 908 1838 detestandam
925 1774 1005 1838 viris
1020 1773 1159 1838 sortibus
1174 1774 1381 1839 conditionem

304 1883 467 1957 senectae3
489 1883 605 1941 contra
628 1875 816 1940 imbellibus
839 1875 1026 1957 optabilem.
1079 1874 1234 1940 Ceterum
1260 1876 1381 1940 sibico

303 1978 462 2042 leviorem
476 1977 621 2043 dolorem
644 1996 731 2053 esse,
753 1977 844 2062 quod
870 1995 937 2040 uon
960 1977 996 2039 in
1017 1977 1204 2050 certamine,
1228 1995 1333 2059 neque
1352 1977 1382 2039 in

304 2077 382 2142 lnce
405 2075 507 2143 bellid
534 2076 682 2142 Achilles
705 2076 896 2142 interiectus
918 2084 1020 2151 esset,
1046 2095 1115 2159 quo
1138 2076 1305 2141 tortionem
1329 2082 1382 2139 nc⁸

305 2185 441 2261 optasse
466 2178 599 2262 quidem
617 2196 805 2261 quenquam
827 2178 975 2241 existere
1001 2194 1100 2254 nunc,
1122 2177 1175 2241 vel
1198 2178 1232 2240 iu
1253 2186 1383 2260 preter·

304 2281 399 2359 itum,
421 2288 567 2365 excepto
588 2298 656 2343 nno
678 2278 737 2343 illo
764 2276 933 2342 Hercule·
987 2275 1092 2342 Addit
1116 2284 1273 2361 praeterea
1283 2276 1383 2341 solnm

304 2380 413 2446 virum
437 2382 571 2463 dignum
593 2398 634 2444 ea
654 2384 864 2462 tempestate,
886 2379 950 2442 snb
965 2377 1062 2462 cujus
1076 2380 1230 2443 munibus
1242 2377 1383 2443 exscindi

304 2480 441 2563 Trojam
453 2481 604 2545 deceret:
626 2498 734 2563 neque
748 2488 859 2545 tamen
880 2481 1034 2557 abnuere,
1053 2478 1146 2561 qnod
1167 2479 1383 2563 imperfectum

305 2600 327 2643 a
341 2586 434 2661 patre
446 2582 595 2645 relictum
611 2588 709 2658 esset,
725 2590 913 2664 essetque
927 2600 949 2645 a
963 2581 1254 2647 circumstantibus
1265 2579 1389 2663 periei..

305 2678 388 2761 [16.]
411 2678 592 2763 Postquam
618 2679 718 2745 finem
744 2683 904 2765 loquendi
925 2683 1018 2758 fecit,
1040 2683 1073 2745 in
1096 2683 1285 2765 proximum
1303 2681 1380 2744 diem

304 2787 471 2843 certamen
492 2781 761 2863 pronuntiatum:
784 2782 886 2848 duces
908 2803 1034 2860 omnes,
1056 2782 1114 2847 ubi
1136 2790 1267 2867 tempus
1285 2782 1381 2847 visum

305 2885 368 2956 est,
390 2879 492 2946 solito
510 2882 553 2945 ad
568 2877 848 2963 Agamemnonem
864 2892 1032 2949 coenatum
1047 2885 1201 2948 veniunt:
1222 2883 1382 2966 inquibus

306 2979 398 3064 Ajax
412 3001 487 3047 cum
507 2981 741 3066 Neoptolemo,
766 2984 960 3062 Diomedes,
983 2985 1135 3067 Ulysses,
1150 2992 1184 3050 et
1199 2984 1382 3049 Menelaus:

305 3082 407 3166 hique
421 3084 505 3153 inter
520 3103 556 3149 se
575 3084 715 3149 eundem
740 3082 869 3151 locum‘
887 3087 1041 3153 coenandi
1063 3088 1214 3171 capiunt.
1259 3084 1382 3151 Inoedm

793 3301 902 3353 NOTAE

305 3432 357 3481 lum
370 3428 828 3492 missus,uamlednodeclrnnmsn·
868 3444 926 3481 eum
948 3444 996 3495 ego
1017 3431 1043 3480 ln
1071 3427 1202 3494 profunda
1221 3429 1278 3480 cari
1300 3425 1387 3493 2an

305 3521 366 3556 num
377 3508 510 3569 attigerat.
868 3504 973 3555 Adduxi
992 3521 1025 3557 ex
1044 3505 1128 3570 Scyro
1144 3505 1178 3554 ad
1197 3505 1259 3553 bene
1277 3510 1388 3551 armatos

338 3580 488 3628 *Μαικία
498 3580 646 3644 lqeouedie]
662 3581 829 3645 Lycomedes,
869 3581 994 3632 Orneus!
1030 3580 1170 3644 Sophocles
1189 3580 1215 3628 in
1235 3577 1390 3630 Phineum.

305 3666 351 3702 rea
362 3644 436 3714 Seyri
448 3653 556 3702 lunula:
573 3656 605 3703 ad
618 3670 675 3704 enm
691 3654 804 3706 Achilles
814 3670 831 3705 a
869 3655 944 3706 addit
954 3656 1114 3707 Phunicem.

306 3733 389 3774 metra
401 3725 492 3774 missus
513 3735 549 3784 ut,
566 3729 633 3777 inter
650 3729 707 3792 ejus
718 3727 783 3779 tiliae
794 3730 830 3778 la·
908 3733 1052 3797 ‘inclytam
1078 3728 1187 3792 uuae]
1216 3725 1389 3791 semesum,

306 3799 494 3862 teus,‘1'rojuno
507 3800 576 3851 bello
588 3816 637 3851 nou
649 3801 796 3854 interesset.
869 3807 960 3857 ‘arte’
976 3808 1018 3857 rel
1032 3805 1138 3856 ‘same’

344 3870 356 3905 ὓ
375 3873 557 3941 Superveniens]
585 3876 622 3926 dt
643 3874 771 3928 Homerus
791 3881 828 3929 ait
900 3879 1095 3943 stambere]
1112 3878 1317 3946 Elegantissime.

306 3950 421 4012 Ulyssem
437 3952 545 4017 Scyrum
563 3954 671 4003 insulam
688 3954 828 4017 navigasse,
900 3964 911 3991 ⁸
931 3958 1033 4007 Uecillo
1044 3955 1163 4019 Herae]
1187 3955 1238 4006 illc
1251 3967 1304 4002 vox
1320 3950 1387 4001 ‘illo'

305 4034 335 4075 ut
344 4025 402 4075 inde
410 4027 536 4091 Pyrrbum
546 4028 695 4080 adduceret.
709 4029 753 4079 Sic
761 4031 828 4079 enlm
868 4034 985 4082 maxime
1002 4031 1172 4095 emphaseos,
1190 4031 1216 4080 id
1233 4036 1283 4090 est,
1301 4027 1385 4078 ‘scti-

307 4100 375 4167 apud
387 4116 445 4151 eum
454 4096 561 4167 Ulysses
571 4121 578 4153 z
590 4105 666 4156 Adrlr
676 4104 723 4169 γάρ
730 4124 771 4165 μιν
781 4108 828 4168 lyd
868 4105 980 4159 tissime:

307 4176 390 4237 κοίλης
398 4178 435 4226 drl
446 4177 499 4234 mle
510 4178 693 4244 ἃσηεἮγογον
702 4183 729 4231 dtr
740 4181 829 4245 Ικύρον
899 4182 911 4214 s
920 4184 1026 4232 Eundem
1033 4179 1119 4243 locun]
1130 4179 1173 4230 Au
1182 4181 1265 4230 locum
1275 4174 1384 4227 solitum?

304 4256 356 4316 uer*
372 4252 507 4314 mter
522 4254 639 4317 ’Axeuds
663 4258 742 4323 ‘lpse
760 4259 828 4309 enirn
868 4251 1388 4311 audictteoseuudemordincmttflfflv
