3034 4928
395 402 446 454 nn
467 402 650 456 srsuoaru
672 404 784 456 autur
808 406 985 462 usosaur.
1187 402 1231 468 ol

178 575 325 625 miv.
344 555 560 641 Quidorgoi
581 556 759 625 Familiam
780 559 866 627 hano
887 562 939 630 sic
964 583 1028 648 syo
1051 565 1232 633 ordinare·

135 663 210 741 rim,
222 662 339 728 sedes
350 659 561 745 majactura,
580 664 725 745 utputo
737 653 859 743 umen,
873 666 1051 749 probabili.
1094 667 1231 734 Primus

136 762 172 829 in
184 782 227 831 aa
237 764 291 829 vir
301 761 444 828 illusuis
456 761 521 827 luit
534 760 580 840 Q.
599 761 750 828 Aradios
766 761 924 844 Rufinus,
939 765 1130 832 Prmt'eotus
1143 769 1229 847 nrbi,

136 868 236 932 Anno
251 881 357 929 rruvr.
382 872 420 929 et
441 879 572 930 rruxrr.
597 866 657 948 qui
683 865 772 932 maie
792 866 830 930 in
851 864 967 933 libello
987 867 1227 935 Praefectorum

133 967 239 1045 urbis,
252 964 357 1031 modo
376 962 529 1029 Eraciim
540 964 698 1046 Batinna
706 966 805 1033 modo
820 966 1003 1034 Heraclius
1013 966 1096 1034 Rus.
1106 976 1140 1035 et
1150 972 1228 1040 ideo

132 1069 178 1132 ab
202 1065 350 1131 Onnlrio
379 1065 481 1130 etiam
510 1065 620 1150 pejus,
647 1065 829 1133 Heraclius
858 1068 1006 1135 Rufinus
1031 1073 1230 1141 nominatur.

132 1166 220 1233 Vide
233 1167 258 1233 J
260 1172 392 1232 urcium
406 1165 451 1233 ad
467 1166 662 1233 Auctarium
677 1168 870 1252 Symmachi
881 1169 947 1256 Ep.
965 1187 990 1237 r.
1034 1170 1131 1238 idern
1145 1173 1232 1240 Con·

132 1266 336 1334 sni'vidotnr
348 1267 454 1333 inisse
469 1266 558 1333 linui
573 1283 821 1336 unxvrrrmon
832 1277 941 1337 autern
952 1272 1009 1337 iile
1018 1269 1064 1352 Q.
1080 1273 1140 1341 Ar.
1150 1273 1231 1341 laer.

134 1368 218 1434 Val.
232 1367 412 1448 Proculus,
424 1375 465 1435 nt
479 1367 552 1434 ruit
566 1367 739 1450 Onuirius,
758 1377 794 1436 et
807 1371 877 1437 aiii.
921 1371 957 1439 N
959 1393 1012 1439 am
1027 1372 1232 1440 Gousnlme

133 1473 182 1537 ab
204 1470 364 1551 Eusebio,
384 1469 605 1551 cassiodoro,
616 1475 679 1538 tac.
700 1491 771 1539 non
794 1472 972 1554 Proculus,
994 1474 1055 1540 aad
1085 1474 1230 1544 Rullum

132 1573 334 1657 simpliciter
347 1572 482 1638 dicitm.
523 1571 681 1657 Denique
696 1573 753 1639 hic
770 1580 823 1640 ast
840 1575 897 1640 ilie
911 1574 1065 1642 Aradios.
1076 1576 1235 1656 Rutinns,

133 1693 234 1757 quem
248 1673 302 1739 his
316 1673 506 1739 nominibus
519 1674 669 1739 celebrat
683 1673 906 1759 Symmachus
920 1673 1022 1742 Pater
1045 1677 1081 1741 in
1104 1675 1231 1744 Aucta·

132 1776 186 1840 rio
201 1775 268 1858 Ep.
281 1793 307 1839 r.
320 1773 511 1843 addensad
520 1780 731 1853 extremum,

264 1874 495 1960 Principibus,
509 1894 651 1960 qnorum
665 1877 803 1960 viguisti
817 1881 980 1962 tempore,
991 1877 1117 1944 dautur

263 1975 336 2042 Ant
349 1977 497 2043 calcaria
508 1976 594 2041 serre
607 1977 716 2056 bonis,
731 1985 794 2043 aut
806 1979 915 2047 fraena
929 1979 1093 2064 tyrannis.

133 2076 297 2162 intelligit
310 2084 423 2144 antem
436 2096 555 2143 omnes
572 2076 652 2143 illos
669 2077 846 2162 Principes
858 2087 895 2144 at
909 2080 1076 2160 casarea,
1087 2080 1147 2164 qni
1161 2082 1232 2148 tire-

132 2190 212 2247 rnnt
223 2183 309 2246 inter
324 2179 573 2245 Diocletianum
586 2183 622 2242 et
635 2176 887 2244 Constantinum
905 2178 1078 2261 Magnam,
1091 2198 1233 2262 quornm

132 2283 288 2346 omnium
309 2288 454 2363 tempore
475 2280 581 2362 riguit
605 2296 724 2345 rosera
747 2277 804 2343 hic
825 2277 941 2356 homo,
963 2283 1024 2342 ‘ex
1045 2277 1160 2343 ruina'
1180 2280 1233 2345 id·

133 2384 235 2448 circo
258 2380 439 2465 ‘proxime
457 2379 591 2459 cutis:
612 2398 713 2465 quam
726 2386 854 2465 pulsem
869 2398 965 2445 suum
985 2381 1061 2444 istis
1080 2380 1233 2446 carmini·

133 2487 201 2550 hns
228 2473 457 2548 ‘illuminare'
480 2481 529 2547 ait
543 2481 633 2547 filius
654 2480 890 2566 Symmachus,
904 2483 948 2547 ab
969 2480 1029 2547 illo
1045 2488 1150 2565 patre,
1172 2483 1231 2567 qui

129 2587 244 2652 duruit
263 2585 329 2650 suh
348 2583 546 2650 Constantio
570 2590 604 2650 et
625 2582 776 2662 Iuliano,
791 2582 998 2668 repetendus.
1042 2582 1137 2647 Huic
1158 2582 1231 2648 Ru·

129 2687 199 2753 tino
223 2684 386 2771 proxima
398 2684 645 2752 moestitudine
653 2684 794 2769 junctus
807 2684 913 2750 luisse
927 2683 1060 2750 videtur
1073 2682 1231 2749 Valerius

128 2787 315 2866 Proculus,
335 2786 393 2852 ille
416 2787 506 2870 ipse,
529 2805 630 2870 quem
653 2784 686 2850 el
701 2778 814 2870 jungit
834 2784 1056 2871 Symmachus
1076 2791 1184 2869 pater,
1198 2788 1233 2850 et

127 2889 310 2974 premittit
328 2887 454 2954 Anicio
472 2887 612 2953 Iuliano
635 2905 677 2952 ac
698 2885 856 2952 Petronio
877 2884 1062 2965 Probiauo,
1077 2884 1232 2951 Consuli-

127 2992 195 3055 hns
208 2988 305 3054 Anni
322 2994 494 3053 unxxr‘v.
509 3004 595 3072 qnos
610 2986 767 3071 seqnitur
781 2986 881 3052 isthic
897 3004 982 3052 nnus
997 2985 1157 3065 verinus,
1172 2985 1232 3068 qni

128 3090 325 3158 Psaiiectus
338 3087 512 3155 nrbist'nlt
531 3086 695 3172 proximis
709 3086 805 3153 annis
821 3102 977 3152 unxxv.
1003 3094 1040 3152 et
1061 3100 1232 3150 uuxxru
1347 3130 1351 3139 ,

129 3193 221 3258 (inm
231 3211 315 3274 ergo
327 3189 483 3257 rideatur
502 3190 540 3255 in
557 3184 635 3255 istis
649 3191 793 3274 quinque
806 3187 995 3254 homiuibus
1008 3185 1098 3250 ratio
1121 3182 1233 3246 aetatis

129 3300 283 3370 mata,
296 3291 378 3357 indo
387 3290 524 3375 colligo,
537 3290 645 3357 tuisse
659 3309 739 3373 ergo
752 3290 840 3354 hunc
854 3283 1029 3353 Valerium
1039 3281 1232 3359 Proculum,

131 3412 239 3480 qnam
266 3412 291 3456 a
316 3393 440 3476 priscis
459 3391 607 3458 Valeriis
637 3391 823 3458 Publicolis
850 3386 975 3471 repetit
998 3383 1231 3471 Symmachus,

134 3498 241 3559 aetate
250 3494 440 3579 proximum
453 3492 581 3559 Aradio
596 3492 734 3570 Ruiino,
758 3488 898 3573 reliquis
912 3506 992 3553 varo
1014 3485 1231 3571 superiorem,

132 3603 240 3680 nque
254 3593 346 3659 adeo
360 3592 524 3659 divarum
540 3612 672 3679 qnoque
686 3593 730 3657 ab
745 3586 814 3656 illis
823 3589 961 3656 Aradiis
971 3586 1051 3655 Val.
1062 3588 1230 3669 Proculis,

132 3699 194 3782 qni
214 3696 317 3781 panio
332 3697 617 3779 postextiterunt,
632 3701 666 3760 et
689 3713 774 3779 quos
793 3692 893 3758 farma
908 3691 1105 3759 crediderim
1124 3690 1231 3755 fuisse

135 3799 217 3882 ejus
228 3799 299 3882 jam
313 3803 393 3863 tunc
407 3803 509 3864 oetata
518 3797 669 3882 provecti
683 3814 789 3879 supra
802 3795 902 3860 huic.
915 3792 938 3858 J
940 3793 1085 3858 alianum
1096 3797 1131 3854 at
1140 3790 1232 3858 Petr.

132 3898 344 3964 Probianum
357 3899 526 3966 consules
539 3898 653 3986 (senes
667 3905 775 3962 autem
790 3896 850 3961 iilo
863 3901 1014 3977 temporo
1036 3891 1234 3976 plerumque

123 4000 209 4086 J'am
225 4006 317 4065 crant
336 4000 638 4085 privati-homines,
650 4000 711 4083 qul
732 3997 775 4063 ad
791 3996 1025 4072 Consulatum,
1041 4010 1230 4077 supremum

131 4104 241 4169 etiam
252 4108 329 4167 tunc
352 4103 512 4169 honorum
526 4102 709 4185 fastigium,
729 4108 766 4164 ot
784 4098 863 4164 ideo
877 4098 911 4162 in
923 4095 1041 4163 Titulo
1056 4093 1095 4159 L
1110 4092 1231 4158 Aradii

108 4200 218 4271 ‘vm
254 4202 396 4280 Proculi
423 4206 548 4273 nltimo
568 4204 647 4270 loco
675 4208 908 4279 memoratum,
946 4195 1230 4283 producebantur,
