3034 4928
275 444 280 452 .
308 360 353 425 al
571 375 648 423 isc.
673 374 865 424 rsarzorrrr
892 374 1140 423 nrssnnrnrrc

308 515 369 582 sed
393 521 441 579 tot
459 516 558 580 simul
583 516 694 580 ubivis
717 516 829 580 obvie
852 517 943 599 apud
968 516 1180 599 Septimium,
1203 526 1396 599 argumento

308 616 390 682 mihi
403 623 484 681 suut
497 616 540 679 ad
556 616 591 679 id
606 616 825 699 probandum,
847 614 937 700 quod
954 615 1124 680 affirmari.
1168 615 1237 680 Sed
1257 625 1292 682 et
1306 619 1397 702 quod

308 720 343 783 in
371 718 484 798 lingna
507 718 630 781 [atium
653 718 698 782 ad
728 718 861 781 solitam
885 715 1017 782 Graecae
1047 716 1182 799 phrasin
1210 718 1397 796 formatum,

308 819 397 902 apud
412 837 512 882 unum
534 823 717 895 auctorem,
732 818 790 901 qui
804 815 928 881 Groeca
949 821 1024 880 ante
1039 816 1157 883 oculos
1169 817 1296 896 habuit,
1309 837 1398 901 prte-

308 919 405 1001 cipue
419 925 453 982 et
465 918 595 1000 saepius
608 917 791 981 adhibitum
800 917 969 998 reperitur,
984 915 1087 981 nihilo
1099 918 1209 983 minus
1220 937 1281 1001 pro
1300 917 1397 986 Grue-

307 1019 414 1085 cismo
428 1018 543 1083 haberi
558 1018 669 1095 debet,
682 1019 765 1083 licet
776 1017 866 1101 apud
880 1018 980 1083 alium
994 1035 1130 1102 quoque
1146 1038 1247 1084 unum
1262 1027 1298 1084 et
1311 1020 1396 1086 slte-

306 1140 376 1184 rum
402 1120 525 1196 forsan,
548 1127 583 1184 et
604 1121 710 1183 rarius
739 1118 883 1203 quidem,
912 1116 1189 1200 deprehendatur,
1210 1139 1314 1203 quem
1336 1140 1395 1204 pro

269 1224 271 1229 ’
308 1222 511 1287 Hebroismo
526 1220 690 1303 accipitur
703 1220 739 1283 in
756 1233 851 1284 uxx.
875 1217 1118 1301 Interpretibus
1136 1218 1394 1303 etApostolicis

307 1321 553 1407 scriptis,qucd
568 1322 657 1404 apud
669 1321 744 1385 illos
755 1321 870 1386 crebro
880 1338 924 1384 ex
937 1338 1003 1384 nsu
1017 1325 1050 1384 et
1062 1321 1156 1402 genio
1172 1320 1313 1387 Hebraei
1327 1340 1396 1387 ser·

306 1425 414 1489 monis
435 1423 566 1489 Graecis
587 1422 697 1486 verbis
721 1427 773 1485 est
796 1438 1002 1503 expressum,
1015 1419 1096 1485 licet
1116 1421 1235 1485 similis
1257 1422 1396 1499 locutio,

305 1526 364 1589 sed
378 1524 492 1601 rarius,
507 1523 543 1586 in
565 1522 644 1586 aliis
658 1541 791 1606 quoque
806 1519 938 1586 Graecis
960 1519 1178 1602 scriptoribus
1199 1521 1395 1606 investigari

304 1627 441 1690 tandem
455 1633 515 1689 aut
525 1623 659 1688 ostendi
674 1630 784 1708 queat.

243 1725 255 1744 ⁰
348 1742 445 1789 xvrr.
467 1726 593 1790 Verum
606 1725 717 1788 versio
731 1726 876 1790 haecsno
886 1743 924 1787 se
935 1721 1061 1787 indicio
1077 1721 1201 1788 clarius
1214 1729 1251 1786 et
1269 1724 1394 1789 certius

304 1826 472 1911 proderet,
495 1827 524 1889 si
544 1825 598 1889 vel
613 1824 755 1890 Graecus
780 1830 969 1908 superesset
992 1823 1129 1906 Dictys,
1157 1823 1214 1888 vel
1234 1822 1394 1903 ndens,

304 1929 364 2010 qui
385 1946 431 1991 ex
447 1946 489 1991 eo
503 1925 686 1990 Historiam
706 1924 887 2006 'liojanam
901 1924 937 1987 in
948 1943 1043 1987 snam
1058 1924 1171 1988 retulit
1186 1923 1394 2008 chronogra-

302 2029 427 2112 phiam,
442 2027 572 2091 fidelius
594 2043 670 2089 eum
685 2023 932 2107 descripsisset,
946 2043 1007 2089 nec
1026 2025 1198 2091 maluisset
1211 2025 1395 2110 interpola·

302 2135 384 2205 tam,
404 2136 436 2193 et
455 2130 670 2202 contractam,
690 2126 826 2208 suisque
847 2126 970 2202 verbis,
998 2126 1093 2189 illam
1115 2126 1271 2191 exhibere
1291 2129 1395 2194 nobis

303 2227 504 2294 Historiam.
547 2227 591 2293 Et
615 2235 726 2292 tamen
749 2228 802 2291 vel
831 2229 881 2290 sic
905 2225 1081 2291 manifesta
1106 2229 1189 2292 sutis
1209 2229 1393 2310 reperimus

301 2331 442 2411 vestigia
458 2329 723 2393 concurrentium
738 2327 837 2392 simul
853 2327 1004 2402 Malelae,
1019 2329 1127 2411 etqui
1141 2348 1217 2393 eum
1227 2330 1394 2412 sequitur,

302 2427 455 2503 Cedreni,
472 2446 513 2490 ac
534 2427 641 2490 nostri
664 2426 827 2507 Septimii,
850 2428 883 2490 in
908 2427 1052 2492 eundem
1072 2427 1194 2492 fontem
1215 2435 1250 2494 et
1263 2427 1392 2494 Aucto-

301 2547 384 2592 rem.
426 2524 543 2590 Veluti
557 2525 687 2608 qnando
704 2523 824 2608 Dictys
837 2534 953 2591 noster
967 2547 1028 2592 seu
1043 2527 1240 2609 Septimius,
1253 2530 1303 2593 ait
1317 2545 1343 2592 1.
1357 2529 1392 2594 9.

303 2628 465 2691 Helenam
500 2633 662 2706 rogatam,
695 2629 808 2705 ‘quae,
843 2626 1006 2709 cujusque
1031 2627 1141 2706 esset,
1166 2630 1390 2711 respondisse,

301 2726 509 2792 ‘Alexandri
522 2744 560 2788 se
574 2723 716 2801 affinem,
730 2727 905 2809 magisque
915 2727 957 2791 ad
970 2728 1138 2793 Priamum
1149 2737 1184 2792 et
1198 2728 1392 2809 Hecubam,

301 2828 461 2913 quemad
477 2826 657 2891 Plisthenis
679 2827 767 2891 filios
785 2848 902 2910 genere
916 2830 1099 2912 pertinere:
1123 2830 1279 2895 Danaum
1301 2833 1390 2896 enim

301 2937 402 3012 atque
424 2927 609 3011 Agenorem
631 2935 665 2990 et
688 2929 739 2991 sui
764 2935 801 2992 et
826 2928 948 2993 Priami
971 2931 1099 3011 generis
1124 2938 1279 2994 auctores
1300 2951 1392 2997 esse.

303 3029 459 3112 Namque
479 3046 523 3092 ex
546 3025 701 3091 Hesiona
725 3027 835 3092 Danai
859 3028 929 3092 lilia
950 3036 984 3094 ct
997 3029 1135 3095 Atlante
1151 3029 1313 3095 Electrum
1328 3051 1391 3097 ua-

301 3138 381 3207 tem,
395 3148 496 3214 quam
511 3126 661 3191 exiere
677 3116 848 3209 gravidum
864 3128 1057 3193 Dardanum
1072 3130 1236 3212 genuisse,
1251 3148 1298 3195 ex
1319 3151 1391 3214 qno

299 3231 395 3307 Tros,
421 3235 455 3295 ot
481 3229 644 3310 deinceps
667 3228 811 3295 insecuti
838 3249 934 3313 reges
956 3228 1036 3295 Ilii!
1079 3229 1298 3296 Conferamus
1314 3232 1390 3315 jam

299 3350 374 3395 cum
389 3332 494 3409 hisce,
510 3333 543 3394 in
558 3330 792 3413 quibusmulta
802 3337 877 3396 sunt
890 3332 1165 3415 singulariaque.
1178 3332 1269 3414 apud
1282 3332 1392 3399 alium

299 3449 365 3493 non
379 3438 502 3494 temere
518 3433 673 3512 reperias,
690 3429 861 3507 Malelam,
887 3431 944 3515 qui
961 3451 999 3495 se
1027 3430 1150 3514 Dictyn
1164 3431 1199 3494 in
1221 3431 1273 3496 his
1287 3436 1389 3517 sequi

298 3526 479 3610 profitetur.
523 3520 625 3607 Apud
640 3547 715 3591 enm
730 3549 807 3612 ergo
829 3551 906 3613 pag.
921 3531 996 3595 lau.
1040 3529 1172 3596 Helena
1192 3531 1309 3597 itidem
1330 3553 1388 3598 ro·

298 3633 388 3708 gnta,
402 3623 445 3698 τίς
460 3621 510 3703 rin,
531 3622 548 3699 ἢ
569 3623 649 3687 risus
669 3625 813 3709 ἀπόγονος,
828 3631 1013 3713 respondet,
1034 3628 1216 3716 Ἀλεξάνδρου
1238 3629 1295 3712 sipi
1311 3656 1389 3717 cuy-

298 3730 388 3812 γενὴς,
415 3726 463 3788 καὶ
491 3732 604 3807 μᾶλλον
627 3727 772 3811 repositurus
795 3728 929 3815 Πριάμῳ,
955 3730 1052 3817 scirpi
1073 3729 1196 3817 Ἑκάβῃ
1219 3734 1268 3796 καὶ
1291 3736 1321 3796 οὔ
1341 3739 1387 3818 agi

299 3827 493 3902 Πλιιοσθίνους
504 3832 554 3912 alpi
572 3825 717 3913 Μενελάῳ.
760 3836 873 3893 Δαναοῦ
884 3826 1007 3917 yrip'lpa
1024 3832 1073 3895 nai
1093 3832 1241 3918 Ἀγῆνσρος
1261 3840 1316 3898 τῶν
1332 3840 1388 3901 Σι-

296 3927 393 3993 δωνίων
407 3930 456 3992 acri
469 3931 501 3991 ix
514 3926 609 4015 γένους
617 3935 665 3991 τοῦ
677 3930 819 4018 Πριάμου,
832 3933 916 4015 (lege
930 3932 997 3997 strar
1012 3936 1042 3997 iu
1057 3932 1152 4019 pr'roor
1164 3935 1212 3998 τὸν
1226 3933 1388 4021 Πρίαμον)

296 4029 345 4092 καὶ
359 4032 445 4107 αὐτὴν
458 4029 595 4116 ὑπάρχειν
614 4033 646 4092 tx
664 4040 713 4095 τοῦ
726 4030 821 4118 piscor
842 4039 940 4099 αὐτοῦ.
996 4036 1055 4099 Ἐκ
1069 4033 1233 4113 limorum
1254 4041 1314 4121 γὰρ
1334 4040 1385 4111 τῆς

295 4136 408 4196 Δαναοῦ
422 4128 557 4218 ὼγατρδς
576 4130 697 4216 ὶγιννῆθη
713 4137 727 4196 ὁ
743 4134 853 4211 ‘Aruer
869 4137 918 4200 ruri
932 4135 1122 4222 ῆἯλικτρα,
1145 4135 1219 4216 ‘fit
1241 4138 1387 4223 dcla'qia-
