3006 4906
288 382 356 448 328
661 364 823 442 isannes
848 393 1010 442 aaaron

292 542 350 607 sed
376 545 496 616 tamen,
521 539 610 622 qnod
637 526 876 621 Agamemnoni
903 538 986 603 nihil
1009 556 1132 620 negare
1158 541 1281 622 possit,
1301 560 1359 604 eun

291 650 425 723 tempus
445 658 565 724 pugnee
581 641 842 723 supervenisset,
856 660 894 705 se
916 640 1039 705 milites
1052 658 1137 704 snos
1158 641 1327 705 missurum
1338 639 1361 702 :⁸

290 743 403 826 ipsum
432 749 627 805 excusatum
654 741 789 806 haberet
814 742 906 825 quod
936 760 975 805 se
1000 741 1181 805 abstineret
1206 761 1227 805 a
1250 740 1364 827 pogna‘

291 842 523 923 Agamemnon
546 842 578 906 ei
600 843 724 924 gratim
740 843 818 924 agit.
860 842 941 925 [32]
961 841 1115 925 Tempus
1130 862 1249 925 popm
1261 862 1364 926 super·

292 944 402 1008 venit:
423 943 559 1026 Trojani
578 943 761 1007 exercitum
774 942 929 1007 educunt
972 942 1099 1007 Contra
1117 941 1234 1023 Argivi
1252 943 1362 1024 prode·

293 1052 363 1108 unt.
406 1043 559 1108 Achilles
582 1042 833 1127 Myrmidonas⁸
855 1043 999 1119 instruit,
1029 1041 1073 1106 ad
1093 1040 1364 1122 Agamemnonem

292 1152 429 1228 paratos
443 1145 556 1211 mittit.
592 1144 649 1208 Fit
664 1163 778 1226 pugna
792 1144 918 1227 maj0r:
934 1146 1057 1209 aeriter
1067 1143 1207 1207 saevitur.
1235 1140 1361 1204 Troilus

294 1247 384 1310 enirn
397 1247 433 1310 in
446 1247 555 1329 prima
571 1246 644 1310 acie
659 1243 804 1323 Argivos
825 1243 938 1321 caedit,
960 1243 1188 1328 Myrmidonas
1203 1240 1359 1326 persequi·
1470 1274 1471 1289 κ

294 1353 366 1413 tur:
388 1348 641 1430 impressionem
661 1347 744 1410 facit
766 1348 800 1410 in
821 1354 951 1411 castra:
972 1346 1097 1410 multos
1110 1344 1248 1410 oceidit:
1267 1343 1361 1425 pluri·

292 1467 366 1513 mes
381 1447 524 1512 sauciat.
566 1445 660 1530 Ajax
670 1446 888 1512 Telamonius
902 1447 1047 1513 obstitit.
1089 1446 1223 1530 Trojani
1232 1446 1361 1510 victores

291 1549 328 1610 in
341 1547 503 1632 oppidum
515 1554 732 1611 revertuntur.
776 1546 918 1611 Postera
933 1546 988 1612 die
1004 1546 1226 1628 Agamemnon
1240 1544 1359 1608 exerei-

292 1654 364 1712 tum
374 1647 506 1714 educite
518 1644 633 1714 omnes
647 1647 753 1713 duces
768 1662 804 1713 et
818 1648 1048 1731 Myrmidones
1062 1648 1224 1732 prodeunt.
1244 1645 1356 1709 Eoon·

292 1756 349 1812 tra
357 1748 495 1832 Trojani
508 1750 579 1814 laeti
592 1751 627 1813 in
642 1751 750 1814 aciem
767 1750 940 1833 prodeunt.
964 1750 1089 1815 Proello
1102 1750 1266 1815 commisso
1274 1754 1357 1809 uter-

292 1868 358 1933 que
372 1853 541 1915 exercitus
567 1853 654 1917 inter
675 1870 713 1915 se
735 1852 913 1917 dimicant:
936 1853 1057 1916 acriter
1080 1872 1141 1936 per
1163 1851 1286 1932 aliquot
1297 1846 1359 1910 dias

291 1960 494 2035 pugnatun,
514 1964 606 2017 muta
623 1952 728 2016 millia
742 1953 967 2019 hominemex
979 1961 1117 2036 unaque
1135 1957 1228 2035 parte
1240 1948 1363 2013 eadunt.

291 2052 427 2117 Troilus
440 2052 669 2137 Myrmidonas
683 2053 905 2135 persequitur,
920 2055 1050 2132 sternit,
1065 2054 1168 2136 lugat
1199 2050 1363 2136 Agamem·

292 2171 360 2217 non
374 2161 411 2218 ut
425 2154 509 2220 vidit
528 2156 643 2239 plnres
664 2174 709 2219 ex
732 2174 795 2218 sna
814 2160 909 2238 parte
922 2155 1067 2231 occisos,
1089 2153 1243 2219 inducias
1256 2151 1364 2215 indies

292 2254 422 2336 viginta
442 2257 539 2339 petit,
555 2264 594 2320 nt
615 2276 699 2321 suos
720 2254 873 2319 funerare
887 2257 1010 2339 possit.
1054 2256 1210 2321 Priamus
1222 2253 1363 2318 inducias

260 2420 262 2423 .
292 2354 408 2437 dedit;
441 2378 523 2424 suos
552 2360 694 2444 quisque
720 2357 935 2441 sepeliendos
963 2363 1066 2423 curat
1117 2356 1202 2439 [33]
1229 2354 1364 2437 Tempus

262 2475 414 2539 pugnae
444 2461 648 2542 supervenit.
691 2459 828 2542 Trojani
850 2460 1031 2526 exereitum
1056 2458 1213 2523 educunt.
1255 2455 1366 2519 coner

291 2553 523 2636 Agamemnon
539 2561 771 2626 omnes'duoes
792 2561 827 2625 in
849 2580 993 2645 pugnarn
1007 2561 1104 2644 cogit.
1149 2560 1272 2625 Praelio
1285 2576 1366 2622 oom-

290 2656 393 2721 misso
417 2657 458 2720 tit
479 2678 599 2742 magna
622 2662 755 2727 cedes:
781 2663 900 2728 aeriter
915 2663 1067 2727 saerinnt.
1111 2659 1364 2751 Postquampri·

291 2772 381 2818 mum
397 2762 527 2840 tempus
541 2760 606 2823 diei
622 2762 764 2840 transiit,
778 2762 889 2847 prodit
903 2764 936 2828 in
952 2759 1090 2847 praeliok
1104 2763 1251 2841 Troilus,
1265 2757 1361 2832 cadit,

291 2858 477 2938 prosternit.
525 2860 644 2942 Argivi
656 2860 768 2945 fugam
783 2881 859 2927 enm
872 2864 1015 2930 elamore
1031 2866 1198 2930 fecerunt.
1225 2858 1361 2927 Aeiilles

290 2962 330 3019 ut
343 2957 430 3024 vidit
443 2961 593 3027 Troilum
606 2963 654 3029 ita
668 2964 801 3043 saevire,
819 2973 854 3029 et
866 2965 1001 3048 Argivis
1020 2967 1196 3045 insultare,
1209 2961 1358 3042 simulque

291 3057 361 3123 sine
373 3060 612 3128 intermissione
628 3070 850 3148 prosternere,
858 3065 1008 3149 Argivos
1030 3068 1197 3143 laborare,
1221 3060 1365 3148 prosiluit

291 3159 325 3222 in
339 3160 475 3228 bellum.
517 3163 605 3230 Eum
628 3168 790 3231 continuo
815 3167 952 3232 Troilus
977 3164 1153 3255 praecipit,¹
1181 3175 1218 3232 et
1239 3162 1367 3230 sanciat.

743 3361 923 3382 mutem»

322 3471 338 3516 8
354 3471 525 3536 munima,
535 3481 562 3524 et
575 3474 611 3525 sie
624 3478 729 3541 partim,
739 3477 835 3541 Delplr.

779 3652 886 3704 ΝΟΜ.

318 3746 682 3826 'denitunam-rim]
706 3763 812 3815 Rullo·
853 3777 902 3815 non
922 3765 1068 3815 abstineat!
1094 3766 1149 3817 Lir-
1165 3777 1226 3814 rur.
1244 3764 1381 3815 ‘Alexan-

288 3825 538 3895 sternumentum,
550 3834 619 3897 apud
631 3849 706 3900 quem
722 3838 811 3890 Aelnil-
836 3839 925 3890 *drom
947 3841 1062 3891 Romano
1084 3841 1152 3892 betto
1170 3840 1277 3891 tortam
1300 3842 1381 3891 abati

288 3901 728 3973 leaqnldempugnarereensamed
737 3913 810 3977 Myr·
849 3915 922 3967 nnit.'

286 3974 402 4028 rnldonar
418 3994 476 4032 ruer
490 3997 548 4035 enm
564 3985 688 4037 Patroclo
702 3987 729 4036 ln
744 4001 809 4052 pnp-
881 3989 894 4024 Ι
910 3991 998 4041 Prodit
1008 3992 1140 4058 hretia]
1161 3994 1257 4045 Potina
1267 3995 1380 4045 reritsr

285 4066 346 4105 nam
357 4055 446 4106 mlttlt.
617 4058 620 4061 ’
850 4063 1377 4135 debebat.‘iaproelium;’ntinira.‘pra·

322 4127 609 4188 'Quondam-
624 4140 717 4205 Νη]
742 4141 808 4192 Bru·
849 4141 1081 4193 silnitinbellnm!

286 4212 328 4257 tus
345 4206 378 4258 ad
394 4207 527 4259 Atticum:
552 4211 606 4262 ‘Ut
622 4227 651 4264 re
666 4216 808 4270 maledieti·
882 4216 889 4250 ¹
914 4218 1044 4282 Pracipit]
1076 4217 1109 4269 ld
1130 4227 1181 4285 est,
1201 4224 1374 4285 prompti·
