<?xml version="1.0" encoding="UTF-8"?>
<!DOCTYPE html PUBLIC "-//W3C//DTD XHTML 1.0 Transitional//EN"
    "http://www.w3.org/TR/xhtml1/DTD/xhtml1-transitional.dtd">
<html xmlns="http://www.w3.org/1999/xhtml" xml:lang="en" lang="en">
 <head>
  <title>
</title>
<meta http-equiv="Content-Type" content="text/html;charset=utf-8" />
  <meta name='ocr-system' content='tesseract 3.04.00' />
  <meta name='ocr-capabilities' content='ocr_page ocr_carea ocr_par ocr_line ocrx_word'/>
</head>
<body>
  <div class='ocr_page' id='page_1' title='image "./debellotrojano00josegoog/debellotrojano00josegoog_0047.png"; bbox 0 0 3034 4928; ppageno 0'>
   <div class='ocr_carea' id='block_1_1' title="bbox 304 407 1133 472">
    <p class='ocr_par' dir='ltr' id='par_1_1' title="bbox 304 407 1133 472">
     <span class='ocr_line' id='line_1_1' title="bbox 304 407 1133 472; baseline -0.006 0"><span class='ocrx_word' id='word_1_1' title='bbox 304 407 347 472; x_wconf 78' lang='lat'><strong>86</strong></span> <span class='ocrx_word' id='word_1_2' title='bbox 560 420 641 470; x_wconf 74' lang='lat' dir='ltr'><strong>ruo.</strong></span> <span class='ocrx_word' id='word_1_3' title='bbox 663 418 859 468; x_wconf 82' lang='lat' dir='ltr'><strong>rnnrzorur</strong></span> <span class='ocrx_word' id='word_1_4' title='bbox 884 416 1133 468; x_wconf 74' lang='lat' dir='ltr'><strong>nrssnnrurro</strong></span> 
     </span>
    </p>
   </div>
   <div class='ocr_carea' id='block_1_2' title="bbox 303 556 1398 951">
    <p class='ocr_par' dir='ltr' id='par_1_2' title="bbox 303 556 1398 951">
     <span class='ocr_line' id='line_1_2' title="bbox 305 556 1397 647; baseline -0.005 -18"><span class='ocrx_word' id='word_1_5' title='bbox 305 566 370 630; x_wconf 84' lang='lat' dir='ltr'><strong>sit:</strong></span> <span class='ocrx_word' id='word_1_6' title='bbox 409 563 524 627; x_wconf 67' lang='lat' dir='ltr'><strong>Kotinai</strong></span> <span class='ocrx_word' id='word_1_7' title='bbox 546 562 663 626; x_wconf 69' lang='grc' dir='ltr'><strong>Φοίνικα</strong></span> <span class='ocrx_word' id='word_1_8' title='bbox 684 563 732 625; x_wconf 74' lang='lat' dir='ltr'><strong>riv</strong></span> <span class='ocrx_word' id='word_1_9' title='bbox 748 560 983 647; x_wconf 69' lang='lat' dir='ltr'><strong>&#39;Ayieoper&#39;oiir,</strong></span> <span class='ocrx_word' id='word_1_10' title='bbox 1002 556 1236 644; x_wconf 66' lang='lat' dir='ltr'><strong>&#39;oirrvef&#39;iyimo</strong></span> <span class='ocrx_word' id='word_1_11' title='bbox 1257 562 1397 644; x_wconf 70' lang='grc' dir='ltr'><strong>ἀπόγονος</strong></span> 
     </span>
     <span class='ocr_line' id='line_1_3' title="bbox 306 657 1396 747; baseline -0.003 -22"><span class='ocrx_word' id='word_1_12' title='bbox 306 661 396 736; x_wconf 66' lang='lat' dir='ltr'><strong>diras</strong></span> <span class='ocrx_word' id='word_1_13' title='bbox 410 662 574 741; x_wconf 76' lang='grc' dir='ltr'><strong>βασολοὺςό</strong></span> <span class='ocrx_word' id='word_1_14' title='bbox 594 664 722 740; x_wconf 64' lang='grc' dir='ltr'><strong><em>Ἑκάβης</em></strong></span> <span class='ocrx_word' id='word_1_15' title='bbox 735 664 840 747; x_wconf 64' lang='grc' dir='ltr'><strong>πατὴρ,</strong></span> <span class='ocrx_word' id='word_1_16' title='bbox 863 662 896 724; x_wconf 79' lang='lat' dir='ltr'><strong>ix</strong></span> <span class='ocrx_word' id='word_1_17' title='bbox 915 665 965 723; x_wconf 83' lang='lat' dir='ltr'><strong>rori</strong></span> <span class='ocrx_word' id='word_1_18' title='bbox 980 657 1076 744; x_wconf 63' lang='lat' dir='ltr'><strong>pireus</strong></span> <span class='ocrx_word' id='word_1_19' title='bbox 1096 661 1124 723; x_wconf 74' lang='lat' dir='ltr'><strong>ii</strong></span> <span class='ocrx_word' id='word_1_20' title='bbox 1146 664 1197 722; x_wconf 80' lang='lat' dir='ltr'><strong>rori</strong></span> <span class='ocrx_word' id='word_1_21' title='bbox 1212 658 1293 722; x_wconf 77' lang='grc' dir='ltr'><strong><em>Δόνοι</em></strong></span> <span class='ocrx_word' id='word_1_22' title='bbox 1305 662 1356 722; x_wconf 75' lang='grc' dir='ltr'><strong>καὶ</strong></span> <span class='ocrx_word' id='word_1_23' title='bbox 1379 669 1396 736; x_wconf 71' lang='grc' dir='ltr'><strong>ἡ</strong></span> 
     </span>
     <span class='ocr_line' id='line_1_4' title="bbox 303 759 1396 857; baseline -0.003 -30"><span class='ocrx_word' id='word_1_24' title='bbox 303 765 383 840; x_wconf 76' lang='grc' dir='ltr'><strong>Λήδα</strong></span> <span class='ocrx_word' id='word_1_25' title='bbox 398 762 493 853; x_wconf 66' lang='grc' dir='ltr'><strong>ἔλεγεν</strong></span> <span class='ocrx_word' id='word_1_26' title='bbox 508 763 585 829; x_wconf 70' lang='grc' dir='ltr'><strong><em>εἶναι.</em></strong></span> <span class='ocrx_word' id='word_1_27' title='bbox 630 764 785 827; x_wconf 82' lang='lat' dir='ltr'><strong>Mnxinrn</strong></span> <span class='ocrx_word' id='word_1_28' title='bbox 799 764 835 825; x_wconf 92' lang='lat' dir='ltr'><strong>in</strong></span> <span class='ocrx_word' id='word_1_29' title='bbox 848 762 914 838; x_wconf 86' lang='lat' dir='ltr'><strong>his,</strong></span> <span class='ocrx_word' id='word_1_30' title='bbox 927 768 961 825; x_wconf 91' lang='lat' dir='ltr'><strong>et</strong></span> <span class='ocrx_word' id='word_1_31' title='bbox 973 760 1075 824; x_wconf 87' lang='lat' dir='ltr'><strong>serme</strong></span> <span class='ocrx_word' id='word_1_32' title='bbox 1088 759 1244 835; x_wconf 79' lang='lat' dir='ltr'><strong>dixerim,</strong></span> <span class='ocrx_word' id='word_1_33' title='bbox 1258 761 1396 857; x_wconf 70' lang='lat' dir='ltr'><strong>inseite,</strong></span> 
     </span>
     <span class='ocr_line' id='line_1_5' title="bbox 305 859 1398 951; baseline -0.004 -23"><span class='ocrx_word' id='word_1_34' title='bbox 305 865 514 946; x_wconf 77' lang='lat' dir='ltr'><strong>antiquorum</strong></span> <span class='ocrx_word' id='word_1_35' title='bbox 529 864 699 942; x_wconf 87' lang='lat' dir='ltr'><strong>hominnm</strong></span> <span class='ocrx_word' id='word_1_36' title='bbox 709 870 744 925; x_wconf 89' lang='lat' dir='ltr'><strong>et</strong></span> <span class='ocrx_word' id='word_1_37' title='bbox 756 861 939 925; x_wconf 73' lang='lat' dir='ltr'><strong>tubulorum</strong></span> <span class='ocrx_word' id='word_1_38' title='bbox 949 860 1114 939; x_wconf 81' lang='lat' dir='ltr'><strong>confusio,</strong></span> <span class='ocrx_word' id='word_1_39' title='bbox 1125 859 1186 923; x_wconf 89' lang='lat' dir='ltr'><strong>sed</strong></span> <span class='ocrx_word' id='word_1_40' title='bbox 1199 878 1277 942; x_wconf 81' lang='lat' dir='ltr'><strong>quoe</strong></span> <span class='ocrx_word' id='word_1_41' title='bbox 1288 878 1398 951; x_wconf 81' lang='lat' dir='ltr'><strong>quun-</strong></span> 
     </span>
    </p>
   </div>
   <div class='ocr_carea' id='block_1_3' title="bbox 280 959 1395 4256">
    <p class='ocr_par' dir='ltr' id='par_1_3' title="bbox 280 959 1395 4256">
     <span class='ocr_line' id='line_1_6' title="bbox 304 959 1394 1047; baseline -0.006 -18"><span class='ocrx_word' id='word_1_42' title='bbox 304 971 339 1030; x_wconf 95' lang='lat' dir='ltr'><strong>to</strong></span> <span class='ocrx_word' id='word_1_43' title='bbox 353 965 470 1047; x_wconf 79' lang='lat' dir='ltr'><strong>major,</strong></span> <span class='ocrx_word' id='word_1_44' title='bbox 483 971 517 1028; x_wconf 90' lang='lat' dir='ltr'><strong>et</strong></span> <span class='ocrx_word' id='word_1_45' title='bbox 527 971 653 1047; x_wconf 79' lang='lat' dir='ltr'><strong>quanto</strong></span> <span class='ocrx_word' id='word_1_46' title='bbox 666 963 773 1044; x_wconf 80' lang='lat' dir='ltr'><strong>magis</strong></span> <span class='ocrx_word' id='word_1_47' title='bbox 787 967 841 1024; x_wconf 90' lang='lat' dir='ltr'><strong>est</strong></span> <span class='ocrx_word' id='word_1_48' title='bbox 855 959 1045 1041; x_wconf 79' lang='lat' dir='ltr'><strong>singularis,</strong></span> <span class='ocrx_word' id='word_1_49' title='bbox 1053 966 1147 1023; x_wconf 80' lang='lat' dir='ltr'><strong>tanto</strong></span> <span class='ocrx_word' id='word_1_50' title='bbox 1162 961 1283 1024; x_wconf 86' lang='lat' dir='ltr'><strong>certios</strong></span> <span class='ocrx_word' id='word_1_51' title='bbox 1293 960 1394 1023; x_wconf 87' lang='lat' dir='ltr'><strong>nobis</strong></span> 
     </span>
     <span class='ocr_line' id='line_1_7' title="bbox 303 1060 1395 1150; baseline -0.008 -19"><span class='ocrx_word' id='word_1_52' title='bbox 303 1066 434 1150; x_wconf 72' lang='lat' dir='ltr'><strong>praejbet</strong></span> <span class='ocrx_word' id='word_1_53' title='bbox 455 1069 688 1147; x_wconf 76' lang='lat' dir='ltr'><strong>argumentum,</strong></span> <span class='ocrx_word' id='word_1_54' title='bbox 712 1081 787 1127; x_wconf 85' lang='lat' dir='ltr'><strong>vere</strong></span> <span class='ocrx_word' id='word_1_55' title='bbox 810 1060 971 1125; x_wconf 84' lang='lat' dir='ltr'><strong>Meielem</strong></span> <span class='ocrx_word' id='word_1_56' title='bbox 994 1069 1027 1123; x_wconf 88' lang='lat' dir='ltr'><strong>et</strong></span> <span class='ocrx_word' id='word_1_57' title='bbox 1047 1060 1243 1142; x_wconf 78' lang='lat' dir='ltr'><strong>Septimium</strong></span> <span class='ocrx_word' id='word_1_58' title='bbox 1268 1062 1395 1144; x_wconf 83' lang='lat' dir='ltr'><strong>puriter</strong></span> 
     </span>
     <span class='ocr_line' id='line_1_8' title="bbox 304 1148 1394 1244; baseline -0.005 -14"><span class='ocrx_word' id='word_1_59' title='bbox 304 1184 348 1229; x_wconf 85' lang='lat' dir='ltr'><strong>ex</strong></span> <span class='ocrx_word' id='word_1_60' title='bbox 370 1164 615 1239; x_wconf 82' lang='lat' dir='ltr'><strong>eodemionte,</strong></span> <span class='ocrx_word' id='word_1_61' title='bbox 635 1163 698 1226; x_wconf 91' lang='lat' dir='ltr'><strong>hoo</strong></span> <span class='ocrx_word' id='word_1_62' title='bbox 720 1168 783 1239; x_wconf 86' lang='lat' dir='ltr'><strong>est,-</strong></span> <span class='ocrx_word' id='word_1_63' title='bbox 804 1180 848 1224; x_wconf 83' lang='lat' dir='ltr'><strong>ex</strong></span> <span class='ocrx_word' id='word_1_64' title='bbox 871 1148 993 1224; x_wconf 82' lang='lat' dir='ltr'><strong>Graeco</strong></span> <span class='ocrx_word' id='word_1_65' title='bbox 1010 1159 1146 1243; x_wconf 86' lang='lat' dir='ltr'><strong>Dictye,</strong></span> <span class='ocrx_word' id='word_1_66' title='bbox 1162 1161 1253 1242; x_wconf 91' lang='lat' dir='ltr'><strong>quod</strong></span> <span class='ocrx_word' id='word_1_67' title='bbox 1276 1168 1310 1225; x_wconf 91' lang='lat' dir='ltr'><strong>et</strong></span> <span class='ocrx_word' id='word_1_68' title='bbox 1325 1163 1394 1244; x_wconf 84' lang='lat' dir='ltr'><strong>ipsi</strong></span> 
     </span>
     <span class='ocr_line' id='line_1_9' title="bbox 303 1258 1394 1349; baseline -0.002 -20"><span class='ocrx_word' id='word_1_69' title='bbox 303 1266 460 1341; x_wconf 80' lang='lat' dir='ltr'><strong>fetentur,</strong></span> <span class='ocrx_word' id='word_1_70' title='bbox 490 1284 553 1329; x_wconf 86' lang='lat' dir='ltr'><strong>sue</strong></span> <span class='ocrx_word' id='word_1_71' title='bbox 579 1263 740 1349; x_wconf 75' lang='lat' dir='ltr'><strong>heusisse</strong></span> <span class='ocrx_word' id='word_1_72' title='bbox 792 1261 924 1326; x_wconf 82' lang='lat' dir='ltr'><strong>Etenim</strong></span> <span class='ocrx_word' id='word_1_73' title='bbox 953 1258 1123 1342; x_wconf 77' lang='lat' dir='ltr'><strong>Agenoree</strong></span> <span class='ocrx_word' id='word_1_74' title='bbox 1148 1261 1241 1327; x_wconf 82' lang='lat' dir='ltr'><strong>fuere</strong></span> <span class='ocrx_word' id='word_1_75' title='bbox 1269 1262 1394 1345; x_wconf 82' lang='lat' dir='ltr'><strong>plnres,</strong></span> 
     </span>
     <span class='ocr_line' id='line_1_10' title="bbox 303 1360 1395 1449; baseline -0.004 -20"><span class='ocrx_word' id='word_1_76' title='bbox 303 1385 421 1449; x_wconf 84' lang='lat' dir='ltr'><strong>nempe</strong></span> <span class='ocrx_word' id='word_1_77' title='bbox 437 1364 596 1428; x_wconf 85' lang='lat' dir='ltr'><strong>Sidonius</strong></span> <span class='ocrx_word' id='word_1_78' title='bbox 610 1363 678 1441; x_wconf 89' lang='lat' dir='ltr'><strong>ilie,</strong></span> <span class='ocrx_word' id='word_1_79' title='bbox 694 1371 790 1445; x_wconf 86' lang='lat' dir='ltr'><strong>peter</strong></span> <span class='ocrx_word' id='word_1_80' title='bbox 805 1362 979 1426; x_wconf 86' lang='lat' dir='ltr'><strong>Phoeuicie</strong></span> <span class='ocrx_word' id='word_1_81' title='bbox 991 1367 1025 1445; x_wconf 84' lang='lat' dir='ltr'><strong>et</strong></span> <span class='ocrx_word' id='word_1_82' title='bbox 1039 1360 1171 1439; x_wconf 84' lang='lat' dir='ltr'><strong>Cadmi,</strong></span> <span class='ocrx_word' id='word_1_83' title='bbox 1184 1363 1271 1427; x_wconf 88' lang='lat' dir='ltr'><strong>nlius</strong></span> <span class='ocrx_word' id='word_1_84' title='bbox 1293 1370 1395 1444; x_wconf 85' lang='lat' dir='ltr'><strong>peter</strong></span> 
     </span>
     <span class='ocr_line' id='line_1_11' title="bbox 280 1461 1393 1551; baseline -0.005 -22"><span class='ocrx_word' id='word_1_85' title='bbox 280 1542 285 1551; x_wconf 90' lang='lat'>.</span> <span class='ocrx_word' id='word_1_86' title='bbox 303 1465 422 1529; x_wconf 89' lang='lat' dir='ltr'><strong>Phinei</strong></span> <span class='ocrx_word' id='word_1_87' title='bbox 445 1465 594 1541; x_wconf 78' lang='lat' dir='ltr'><strong>Thracis,</strong></span> <span class='ocrx_word' id='word_1_88' title='bbox 608 1463 698 1528; x_wconf 86' lang='lat' dir='ltr'><strong>illiue</strong></span> <span class='ocrx_word' id='word_1_89' title='bbox 720 1463 763 1527; x_wconf 85' lang='lat' dir='ltr'><strong>ab</strong></span> <span class='ocrx_word' id='word_1_90' title='bbox 788 1461 954 1544; x_wconf 82' lang='lat' dir='ltr'><strong>Harpyiis</strong></span> <span class='ocrx_word' id='word_1_91' title='bbox 977 1464 1103 1536; x_wconf 74' lang='lat' dir='ltr'><strong>veneti,</strong></span> <span class='ocrx_word' id='word_1_92' title='bbox 1120 1462 1163 1525; x_wconf 92' lang='lat' dir='ltr'><strong>de</strong></span> <span class='ocrx_word' id='word_1_93' title='bbox 1187 1481 1254 1545; x_wconf 89' lang='lat' dir='ltr'><strong>quo</strong></span> <span class='ocrx_word' id='word_1_94' title='bbox 1276 1461 1393 1526; x_wconf 82' lang='lat' dir='ltr'><strong>Valer.</strong></span> 
     </span>
     <span class='ocr_line' id='line_1_12' title="bbox 304 1562 1393 1646; baseline 0 -18"><span class='ocrx_word' id='word_1_95' title='bbox 304 1565 460 1642; x_wconf 81' lang='lat' dir='ltr'><strong>Ftnoens,</strong></span> <span class='ocrx_word' id='word_1_96' title='bbox 489 1563 612 1646; x_wconf 86' lang='lat' dir='ltr'><strong>Argon.</strong></span> <span class='ocrx_word' id='word_1_97' title='bbox 640 1580 689 1626; x_wconf 82' lang='grc' dir='ltr'><strong>ιν.</strong></span> <span class='ocrx_word' id='word_1_98' title='bbox 716 1564 790 1646; x_wconf 79' lang='lat'><strong>⁴⁴¹4·</strong></span> <span class='ocrx_word' id='word_1_99' title='bbox 833 1562 938 1626; x_wconf 89' lang='lat' dir='ltr'><strong>‘Non</strong></span> <span class='ocrx_word' id='word_1_100' title='bbox 960 1583 1022 1645; x_wconf 83' lang='lat' dir='ltr'><strong>ego</strong></span> <span class='ocrx_word' id='word_1_101' title='bbox 1048 1581 1135 1627; x_wconf 89' lang='lat' dir='ltr'><strong>nnnc</strong></span> <span class='ocrx_word' id='word_1_102' title='bbox 1157 1582 1278 1645; x_wconf 88' lang='lat' dir='ltr'><strong>megno</strong></span> <span class='ocrx_word' id='word_1_103' title='bbox 1299 1563 1393 1646; x_wconf 87' lang='lat' dir='ltr'><strong>qnod</strong></span> 
     </span>
     <span class='ocr_line' id='line_1_13' title="bbox 304 1663 1393 1749; baseline -0.004 -18"><span class='ocrx_word' id='word_1_104' title='bbox 304 1673 414 1731; x_wconf 88' lang='lat' dir='ltr'><strong>cretus</strong></span> <span class='ocrx_word' id='word_1_105' title='bbox 429 1666 584 1747; x_wconf 78' lang='lat' dir='ltr'><strong>Agenore</strong></span> <span class='ocrx_word' id='word_1_106' title='bbox 601 1663 768 1740; x_wconf 88' lang='lat' dir='ltr'><strong>Phineus,&#39;</strong></span> <span class='ocrx_word' id='word_1_107' title='bbox 787 1664 916 1728; x_wconf 88' lang='lat' dir='ltr'><strong>seilicet</strong></span> <span class='ocrx_word' id='word_1_108' title='bbox 930 1683 1195 1749; x_wconf 82' lang='lat' dir='ltr'><strong>commemorem.</strong></span> <span class='ocrx_word' id='word_1_109' title='bbox 1240 1664 1393 1747; x_wconf 90' lang='lat' dir='ltr'><strong>Denique</strong></span> 
     </span>
     <span class='ocr_line' id='line_1_14' title="bbox 302 1764 1393 1847; baseline -0.002 -17"><span class='ocrx_word' id='word_1_110' title='bbox 302 1785 388 1830; x_wconf 85' lang='lat' dir='ltr'><strong>evus</strong></span> <span class='ocrx_word' id='word_1_111' title='bbox 414 1766 527 1842; x_wconf 73' lang='lat' dir='ltr'><strong>Iredae,</strong></span> <span class='ocrx_word' id='word_1_112' title='bbox 550 1764 682 1828; x_wconf 84' lang='lat' dir='ltr'><strong>Thestii</strong></span> <span class='ocrx_word' id='word_1_113' title='bbox 696 1764 805 1831; x_wconf 88' lang='lat' dir='ltr'><strong>AEtoli</strong></span> <span class='ocrx_word' id='word_1_114' title='bbox 827 1769 931 1847; x_wconf 78' lang='lat' dir='ltr'><strong>pater.</strong></span> <span class='ocrx_word' id='word_1_115' title='bbox 977 1764 1054 1828; x_wconf 86' lang='lat' dir='ltr'><strong>Hos</strong></span> <span class='ocrx_word' id='word_1_116' title='bbox 1079 1782 1208 1840; x_wconf 87' lang='lat' dir='ltr'><strong>omnes,</strong></span> <span class='ocrx_word' id='word_1_117' title='bbox 1227 1771 1329 1829; x_wconf 80' lang='lat' dir='ltr'><strong>estete</strong></span> <span class='ocrx_word' id='word_1_118' title='bbox 1346 1771 1393 1829; x_wconf 73' lang='lat' dir='ltr'><strong>‚et</strong></span> 
     </span>
     <span class='ocr_line' id='line_1_15' title="bbox 301 1862 1392 1949; baseline -0.002 -18"><span class='ocrx_word' id='word_1_119' title='bbox 301 1869 412 1949; x_wconf 82' lang='lat' dir='ltr'><strong>petrin</strong></span> <span class='ocrx_word' id='word_1_120' title='bbox 437 1867 517 1930; x_wconf 86' lang='lat' dir='ltr'><strong>lieet</strong></span> <span class='ocrx_word' id='word_1_121' title='bbox 542 1866 704 1943; x_wconf 84' lang='lat' dir='ltr'><strong>diversos,</strong></span> <span class='ocrx_word' id='word_1_122' title='bbox 719 1866 755 1927; x_wconf 97' lang='lat' dir='ltr'><strong>in</strong></span> <span class='ocrx_word' id='word_1_123' title='bbox 778 1884 877 1931; x_wconf 89' lang='lat' dir='ltr'><strong>unum</strong></span> <span class='ocrx_word' id='word_1_124' title='bbox 904 1864 1077 1931; x_wconf 87' lang='lat' dir='ltr'><strong>Sidonium</strong></span> <span class='ocrx_word' id='word_1_125' title='bbox 1097 1864 1238 1930; x_wconf 86' lang='lat' dir='ltr'><strong>eontulit</strong></span> <span class='ocrx_word' id='word_1_126' title='bbox 1260 1862 1392 1948; x_wconf 79' lang='lat' dir='ltr'><strong>Dictys,</strong></span> 
     </span>
     <span class='ocr_line' id='line_1_16' title="bbox 301 1964 1394 2049; baseline -0.002 -20"><span class='ocrx_word' id='word_1_127' title='bbox 301 1966 380 2030; x_wconf 91' lang='lat' dir='ltr'><strong>dum</strong></span> <span class='ocrx_word' id='word_1_128' title='bbox 406 1967 449 2031; x_wconf 80' lang='lat' dir='ltr'><strong>ed</strong></span> <span class='ocrx_word' id='word_1_129' title='bbox 471 1968 562 2031; x_wconf 89' lang='lat' dir='ltr'><strong>illum</strong></span> <span class='ocrx_word' id='word_1_130' title='bbox 586 1967 683 2030; x_wconf 80' lang='lat' dir='ltr'><strong>refert</strong></span> <span class='ocrx_word' id='word_1_131' title='bbox 704 1967 860 2047; x_wconf 80' lang='lat' dir='ltr'><strong>originem</strong></span> <span class='ocrx_word' id='word_1_132' title='bbox 883 1965 985 2029; x_wconf 83' lang='lat' dir='ltr'><strong>Ledee</strong></span> <span class='ocrx_word' id='word_1_133' title='bbox 1008 1972 1043 2028; x_wconf 92' lang='lat' dir='ltr'><strong>et</strong></span> <span class='ocrx_word' id='word_1_134' title='bbox 1057 1964 1230 2035; x_wconf 75' lang='lat' dir='ltr'><strong>Hecubae:</strong></span> <span class='ocrx_word' id='word_1_135' title='bbox 1252 1971 1288 2029; x_wconf 90' lang='lat' dir='ltr'><strong>et</strong></span> <span class='ocrx_word' id='word_1_136' title='bbox 1301 1983 1394 2049; x_wconf 67' lang='lat' dir='ltr'><strong>pree·</strong></span> 
     </span>
     <span class='ocr_line' id='line_1_17' title="bbox 301 2062 1392 2150; baseline -0.006 -15"><span class='ocrx_word' id='word_1_137' title='bbox 301 2071 392 2141; x_wconf 82' lang='lat' dir='ltr'><strong>terea</strong></span> <span class='ocrx_word' id='word_1_138' title='bbox 420 2066 706 2150; x_wconf 81' lang='lat' dir='ltr'><strong>qoem,Ageuoris</strong></span> <span class='ocrx_word' id='word_1_139' title='bbox 728 2066 833 2129; x_wconf 89' lang='lat' dir='ltr'><strong>filium</strong></span> <span class='ocrx_word' id='word_1_140' title='bbox 858 2065 915 2129; x_wconf 89' lang='lat' dir='ltr'><strong>hie</strong></span> <span class='ocrx_word' id='word_1_141' title='bbox 939 2062 1166 2130; x_wconf 86' lang='lat' dir='ltr'><strong>‘Phoeniceru&#39;</strong></span> <span class='ocrx_word' id='word_1_142' title='bbox 1192 2063 1285 2140; x_wconf 84' lang='lat' dir='ltr'><strong>dicit,</strong></span> <span class='ocrx_word' id='word_1_143' title='bbox 1312 2083 1392 2128; x_wconf 88' lang='lat' dir='ltr'><strong>eum</strong></span> 
     </span>
     <span class='ocr_line' id='line_1_18' title="bbox 301 2162 1395 2248; baseline -0.003 -18"><span class='ocrx_word' id='word_1_144' title='bbox 301 2166 378 2230; x_wconf 92' lang='lat' dir='ltr'><strong>dein</strong></span> <span class='ocrx_word' id='word_1_145' title='bbox 391 2184 449 2245; x_wconf 74' lang='lat' dir='ltr'><strong>prr.</strong></span> <span class='ocrx_word' id='word_1_146' title='bbox 463 2172 494 2232; x_wconf 77' lang='lat' dir='ltr'><strong>tr.</strong></span> <span class='ocrx_word' id='word_1_147' title='bbox 518 2175 553 2233; x_wconf 88' lang='lat' dir='ltr'><strong>et</strong></span> <span class='ocrx_word' id='word_1_148' title='bbox 576 2185 624 2230; x_wconf 79' lang='grc' dir='ltr'><strong>ον.</strong></span> <span class='ocrx_word' id='word_1_149' title='bbox 647 2166 700 2231; x_wconf 68' lang='lat'><strong>22.</strong></span> <span class='ocrx_word' id='word_1_150' title='bbox 722 2165 928 2230; x_wconf 84' lang='lat' dir='ltr'><strong>‘Phineum&#39;</strong></span> <span class='ocrx_word' id='word_1_151' title='bbox 945 2164 1101 2248; x_wconf 82' lang='lat' dir='ltr'><strong>appellet,</strong></span> <span class='ocrx_word' id='word_1_152' title='bbox 1122 2162 1270 2246; x_wconf 81' lang='lat' dir='ltr'><strong>iecitque</strong></span> <span class='ocrx_word' id='word_1_153' title='bbox 1290 2182 1395 2237; x_wconf 80' lang='lat' dir='ltr'><strong>soce·</strong></span> 
     </span>
     <span class='ocr_line' id='line_1_19' title="bbox 299 2265 1393 2349; baseline -0.005 -17"><span class='ocrx_word' id='word_1_154' title='bbox 299 2286 369 2332; x_wconf 91' lang='lat' dir='ltr'><strong>rum</strong></span> <span class='ocrx_word' id='word_1_155' title='bbox 386 2269 550 2344; x_wconf 74' lang='lat' dir='ltr'><strong>Dardani,</strong></span> <span class='ocrx_word' id='word_1_156' title='bbox 575 2268 661 2339; x_wconf 89' lang='lat' dir='ltr'><strong>unde</strong></span> <span class='ocrx_word' id='word_1_157' title='bbox 685 2285 781 2348; x_wconf 87' lang='lat' dir='ltr'><strong>reges</strong></span> <span class='ocrx_word' id='word_1_158' title='bbox 798 2266 947 2349; x_wconf 84' lang='lat' dir='ltr'><strong>Trojeni,</strong></span> <span class='ocrx_word' id='word_1_159' title='bbox 973 2272 1006 2328; x_wconf 90' lang='lat' dir='ltr'><strong>et</strong></span> <span class='ocrx_word' id='word_1_160' title='bbox 1027 2267 1103 2347; x_wconf 91' lang='lat' dir='ltr'><strong>ipse</strong></span> <span class='ocrx_word' id='word_1_161' title='bbox 1127 2265 1263 2347; x_wconf 86' lang='lat' dir='ltr'><strong>Dymas,</strong></span> <span class='ocrx_word' id='word_1_162' title='bbox 1288 2270 1393 2346; x_wconf 79' lang='lat' dir='ltr'><strong>peter</strong></span> 
     </span>
     <span class='ocr_line' id='line_1_20' title="bbox 300 2363 1393 2457; baseline -0.002 -26"><span class='ocrx_word' id='word_1_163' title='bbox 300 2367 466 2434; x_wconf 72' lang='lat' dir='ltr'><strong>Hecubae.</strong></span> <span class='ocrx_word' id='word_1_164' title='bbox 512 2368 669 2457; x_wconf 83' lang='lat' dir='ltr'><strong>Ceterum</strong></span> <span class='ocrx_word' id='word_1_165' title='bbox 684 2388 728 2431; x_wconf 85' lang='lat' dir='ltr'><strong>ex</strong></span> <span class='ocrx_word' id='word_1_166' title='bbox 744 2366 873 2430; x_wconf 84' lang='lat' dir='ltr'><strong>Meieln</strong></span> <span class='ocrx_word' id='word_1_167' title='bbox 887 2372 991 2449; x_wconf 80' lang='lat' dir='ltr'><strong>patet,</strong></span> <span class='ocrx_word' id='word_1_168' title='bbox 1006 2365 1086 2429; x_wconf 88' lang='lat' dir='ltr'><strong>nihil</strong></span> <span class='ocrx_word' id='word_1_169' title='bbox 1106 2364 1161 2429; x_wconf 88' lang='lat' dir='ltr'><strong>hie</strong></span> <span class='ocrx_word' id='word_1_170' title='bbox 1176 2364 1210 2426; x_wconf 90' lang='lat' dir='ltr'><strong>in</strong></span> <span class='ocrx_word' id='word_1_171' title='bbox 1224 2363 1393 2449; x_wconf 76' lang='lat' dir='ltr'><strong>Septimio</strong></span> 
     </span>
     <span class='ocr_line' id='line_1_21' title="bbox 298 2463 1392 2552; baseline 0 -21"><span class='ocrx_word' id='word_1_172' title='bbox 298 2468 354 2531; x_wconf 85' lang='lat' dir='ltr'><strong>rel</strong></span> <span class='ocrx_word' id='word_1_173' title='bbox 382 2468 503 2552; x_wconf 84' lang='lat' dir='ltr'><strong>Diotye</strong></span> <span class='ocrx_word' id='word_1_174' title='bbox 529 2468 731 2532; x_wconf 83' lang='lat' dir='ltr'><strong>mutandum.</strong></span> <span class='ocrx_word' id='word_1_175' title='bbox 776 2465 842 2529; x_wconf 89' lang='lat' dir='ltr'><strong>Sed</strong></span> <span class='ocrx_word' id='word_1_176' title='bbox 866 2471 901 2528; x_wconf 92' lang='lat' dir='ltr'><strong>et</strong></span> <span class='ocrx_word' id='word_1_177' title='bbox 926 2467 1106 2547; x_wconf 78' lang='lat' dir='ltr'><strong>posteriore</strong></span> <span class='ocrx_word' id='word_1_178' title='bbox 1136 2463 1286 2541; x_wconf 68' lang='lat' dir='ltr'><strong>Melete,</strong></span> <span class='ocrx_word' id='word_1_179' title='bbox 1309 2485 1392 2548; x_wconf 73' lang='lat' dir='ltr'><strong>qum</strong></span> 
     </span>
     <span class='ocr_line' id='line_1_22' title="bbox 299 2563 1392 2648; baseline -0.003 -19"><span class='ocrx_word' id='word_1_180' title='bbox 299 2568 419 2630; x_wconf 79' lang='lat' dir='ltr'><strong>tentari</strong></span> <span class='ocrx_word' id='word_1_181' title='bbox 433 2567 530 2631; x_wconf 86' lang='lat' dir='ltr'><strong>video</strong></span> <span class='ocrx_word' id='word_1_182' title='bbox 557 2585 577 2630; x_wconf 82' lang='lat' dir='ltr'><strong>e</strong></span> <span class='ocrx_word' id='word_1_183' title='bbox 598 2565 795 2637; x_wconf 89' lang='lat' dir='ltr'><strong>doctissimo</strong></span> <span class='ocrx_word' id='word_1_184' title='bbox 818 2564 893 2646; x_wconf 86' lang='lat' dir='ltr'><strong>ejus</strong></span> <span class='ocrx_word' id='word_1_185' title='bbox 910 2563 1045 2642; x_wconf 84' lang='lat' dir='ltr'><strong>editore,</strong></span> <span class='ocrx_word' id='word_1_186' title='bbox 1060 2567 1117 2648; x_wconf 89' lang='lat' dir='ltr'><strong>qui</strong></span> <span class='ocrx_word' id='word_1_187' title='bbox 1136 2565 1247 2639; x_wconf 53' lang='lat' dir='ltr'><strong>⁴votuit</strong></span> <span class='ocrx_word' id='word_1_188' title='bbox 1268 2564 1317 2626; x_wconf 76' lang='lat' dir='ltr'><strong>nat</strong></span> <span class='ocrx_word' id='word_1_189' title='bbox 1339 2569 1392 2642; x_wconf 73' lang='lat' dir='ltr'><strong>rip</strong></span> 
     </span>
     <span class='ocr_line' id='line_1_23' title="bbox 299 2663 1391 2747; baseline 0.004 -20"><span class='ocrx_word' id='word_1_190' title='bbox 299 2664 402 2742; x_wconf 73' lang='grc' dir='ltr'><strong><em>Λήδαν,</em></strong></span> <span class='ocrx_word' id='word_1_191' title='bbox 416 2667 498 2730; x_wconf 83' lang='lat' dir='ltr'><strong>setis</strong></span> <span class='ocrx_word' id='word_1_192' title='bbox 518 2666 597 2728; x_wconf 91' lang='lat' dir='ltr'><strong>mihi</strong></span> <span class='ocrx_word' id='word_1_193' title='bbox 612 2663 746 2747; x_wconf 90' lang='lat' dir='ltr'><strong>quidem</strong></span> <span class='ocrx_word' id='word_1_194' title='bbox 761 2663 912 2728; x_wconf 86' lang='lat' dir='ltr'><strong>videntur</strong></span> <span class='ocrx_word' id='word_1_195' title='bbox 936 2665 1074 2747; x_wconf 78' lang='lat' dir='ltr'><strong>integre.</strong></span> <span class='ocrx_word' id='word_1_196' title='bbox 1118 2665 1220 2747; x_wconf 77' lang='lat' dir='ltr'><strong>Saepe</strong></span> <span class='ocrx_word' id='word_1_197' title='bbox 1232 2665 1319 2729; x_wconf 88' lang='lat' dir='ltr'><strong>enim</strong></span> <span class='ocrx_word' id='word_1_198' title='bbox 1329 2666 1391 2739; x_wconf 84' lang='lat' dir='ltr'><strong>hie</strong></span> 
     </span>
     <span class='ocr_line' id='line_1_24' title="bbox 300 2764 1392 2848; baseline 0.002 -19"><span class='ocrx_word' id='word_1_199' title='bbox 300 2766 463 2830; x_wconf 80' lang='lat' dir='ltr'><strong>auotorin</strong></span> <span class='ocrx_word' id='word_1_200' title='bbox 484 2764 600 2829; x_wconf 80' lang='lat' dir='ltr'><strong>endem</strong></span> <span class='ocrx_word' id='word_1_201' title='bbox 623 2766 771 2835; x_wconf 82' lang='lat' dir='ltr'><strong>oratione</strong></span> <span class='ocrx_word' id='word_1_202' title='bbox 793 2765 928 2830; x_wconf 91' lang='lat' dir='ltr'><strong>modum</strong></span> <span class='ocrx_word' id='word_1_203' title='bbox 950 2764 1105 2848; x_wconf 78' lang='lat' dir='ltr'><strong>loquendi</strong></span> <span class='ocrx_word' id='word_1_204' title='bbox 1126 2765 1267 2829; x_wconf 81' lang='lat' dir='ltr'><strong>mutarit</strong></span> <span class='ocrx_word' id='word_1_205' title='bbox 1280 2785 1324 2829; x_wconf 84' lang='lat' dir='ltr'><strong>ex</strong></span> <span class='ocrx_word' id='word_1_206' title='bbox 1339 2766 1392 2835; x_wconf 86' lang='lat' dir='ltr'><strong>di·</strong></span> 
     </span>
     <span class='ocr_line' id='line_1_25' title="bbox 297 2864 1392 2951; baseline -0.002 -21"><span class='ocrx_word' id='word_1_207' title='bbox 297 2874 390 2930; x_wconf 90' lang='lat' dir='ltr'><strong>recto</strong></span> <span class='ocrx_word' id='word_1_208' title='bbox 418 2866 453 2929; x_wconf 94' lang='lat' dir='ltr'><strong>in</strong></span> <span class='ocrx_word' id='word_1_209' title='bbox 474 2864 676 2942; x_wconf 88' lang='lat' dir='ltr'><strong>indirectum,</strong></span> <span class='ocrx_word' id='word_1_210' title='bbox 692 2884 741 2937; x_wconf 74' lang='lat' dir='ltr'><strong>,ex</strong></span> <span class='ocrx_word' id='word_1_211' title='bbox 763 2865 854 2929; x_wconf 87' lang='lat' dir='ltr'><strong>finito</strong></span> <span class='ocrx_word' id='word_1_212' title='bbox 875 2866 909 2928; x_wconf 91' lang='lat' dir='ltr'><strong>in</strong></span> <span class='ocrx_word' id='word_1_213' title='bbox 931 2865 1103 2931; x_wconf 88' lang='lat' dir='ltr'><strong>infinitum.</strong></span> <span class='ocrx_word' id='word_1_214' title='bbox 1147 2865 1392 2951; x_wconf 74' lang='lat' dir='ltr'><strong>Respicientnr</strong></span> 
     </span>
     <span class='ocr_line' id='line_1_26' title="bbox 297 2967 1391 3050; baseline 0.002 -20"><span class='ocrx_word' id='word_1_215' title='bbox 297 2967 399 3031; x_wconf 91' lang='lat' dir='ltr'><strong>modo</strong></span> <span class='ocrx_word' id='word_1_216' title='bbox 413 2967 472 3039; x_wconf 84' lang='lat' dir='ltr'><strong>illa</strong></span> <span class='ocrx_word' id='word_1_217' title='bbox 494 2967 582 3048; x_wconf 81' lang='lat' dir='ltr'><strong>ipse,</strong></span> <span class='ocrx_word' id='word_1_218' title='bbox 598 2985 675 3048; x_wconf 82' lang='lat' dir='ltr'><strong>quer</strong></span> <span class='ocrx_word' id='word_1_219' title='bbox 697 2967 856 3048; x_wconf 74' lang='lat' dir='ltr'><strong>proxime,</strong></span> <span class='ocrx_word' id='word_1_220' title='bbox 864 2968 1035 3050; x_wconf 86' lang='lat' dir='ltr'><strong>superiore</strong></span> <span class='ocrx_word' id='word_1_221' title='bbox 1056 2967 1268 3049; x_wconf 70' lang='lat' dir='ltr'><strong>paragrapho</strong></span> <span class='ocrx_word' id='word_1_222' title='bbox 1289 2967 1391 3032; x_wconf 83' lang='lat' dir='ltr'><strong>exhi·</strong></span> 
     </span>
     <span class='ocr_line' id='line_1_27' title="bbox 297 3065 1391 3149; baseline 0.002 -19"><span class='ocrx_word' id='word_1_223' title='bbox 297 3067 443 3132; x_wconf 86' lang='lat' dir='ltr'><strong>buimue.</strong></span> <span class='ocrx_word' id='word_1_224' title='bbox 485 3067 609 3130; x_wconf 84' lang='lat' dir='ltr'><strong>Sensus</strong></span> <span class='ocrx_word' id='word_1_225' title='bbox 619 3085 698 3131; x_wconf 83' lang='lat' dir='ltr'><strong>vero</strong></span> <span class='ocrx_word' id='word_1_226' title='bbox 711 3074 773 3142; x_wconf 85' lang='lat' dir='ltr'><strong>est,</strong></span> <span class='ocrx_word' id='word_1_227' title='bbox 788 3065 914 3130; x_wconf 80' lang='lat' dir='ltr'><strong>dixisse</strong></span> <span class='ocrx_word' id='word_1_228' title='bbox 925 3066 1089 3139; x_wconf 81' lang='lat' dir='ltr'><strong>Helenam</strong></span> <span class='ocrx_word' id='word_1_229' title='bbox 1104 3066 1284 3149; x_wconf 81' lang='lat' dir='ltr'><strong>haeeipse:</strong></span> <span class='ocrx_word' id='word_1_230' title='bbox 1307 3067 1391 3143; x_wconf 83' lang='lat' dir='ltr'><strong>‘Ex</strong></span> 
     </span>
     <span class='ocr_line' id='line_1_28' title="bbox 297 3165 1389 3251; baseline 0.001 -20"><span class='ocrx_word' id='word_1_231' title='bbox 297 3186 413 3251; x_wconf 90' lang='lat' dir='ltr'><strong>genere</strong></span> <span class='ocrx_word' id='word_1_232' title='bbox 428 3172 539 3232; x_wconf 85' lang='lat' dir='ltr'><strong>notem</strong></span> <span class='ocrx_word' id='word_1_233' title='bbox 561 3167 702 3251; x_wconf 84' lang='lat' dir='ltr'><strong>Dymee&#39;</strong></span> <span class='ocrx_word' id='word_1_234' title='bbox 727 3165 820 3249; x_wconf 82' lang='lat' dir='ltr'><strong>(nem</strong></span> <span class='ocrx_word' id='word_1_235' title='bbox 841 3168 963 3231; x_wconf 83' lang='lat' dir='ltr'><strong>rectius</strong></span> <span class='ocrx_word' id='word_1_236' title='bbox 985 3168 1033 3231; x_wconf 82' lang='lat' dir='ltr'><strong>ite</strong></span> <span class='ocrx_word' id='word_1_237' title='bbox 1053 3168 1235 3250; x_wconf 85' lang='lat' dir='ltr'><strong>Septimius</strong></span> <span class='ocrx_word' id='word_1_238' title='bbox 1257 3172 1389 3247; x_wconf 89' lang='lat' dir='ltr'><strong>noster,</strong></span> 
     </span>
     <span class='ocr_line' id='line_1_29' title="bbox 297 3265 1389 3353; baseline 0.001 -19"><span class='ocrx_word' id='word_1_239' title='bbox 297 3288 399 3353; x_wconf 82' lang='lat' dir='ltr'><strong>quem</strong></span> <span class='ocrx_word' id='word_1_240' title='bbox 416 3268 561 3339; x_wconf 83' lang='lat' dir='ltr'><strong>Meielns</strong></span> <span class='ocrx_word' id='word_1_241' title='bbox 575 3275 610 3331; x_wconf 87' lang='lat' dir='ltr'><strong>et</strong></span> <span class='ocrx_word' id='word_1_242' title='bbox 625 3266 799 3331; x_wconf 78' lang='lat' dir='ltr'><strong>cedrenus</strong></span> <span class='ocrx_word' id='word_1_243' title='bbox 822 3265 989 3349; x_wconf 58' lang='lat' dir='ltr'><strong>‘Dynnsi</strong></span> <span class='ocrx_word' id='word_1_244' title='bbox 1005 3271 1015 3299; x_wconf 92' lang='lat'>‘</span> <span class='ocrx_word' id='word_1_245' title='bbox 1029 3268 1130 3330; x_wconf 85' lang='lat' dir='ltr'><strong>etiem</strong></span> <span class='ocrx_word' id='word_1_246' title='bbox 1145 3266 1239 3332; x_wconf 81' lang='lat' dir='ltr'><strong>Leda</strong></span> <span class='ocrx_word' id='word_1_247' title='bbox 1252 3285 1389 3345; x_wconf 79' lang='lat' dir='ltr'><strong>seesse</strong></span> 
     </span>
     <span class='ocr_line' id='line_1_30' title="bbox 297 3366 1390 3450; baseline -0.003 -18"><span class='ocrx_word' id='word_1_248' title='bbox 297 3368 449 3437; x_wconf 65' lang='lat' dir='ltr'><strong>dicebat!</strong></span> <span class='ocrx_word' id='word_1_249' title='bbox 493 3368 599 3433; x_wconf 79' lang='lat' dir='ltr'><strong>Plane</strong></span> <span class='ocrx_word' id='word_1_250' title='bbox 613 3376 653 3432; x_wconf 90' lang='lat' dir='ltr'><strong>nt</strong></span> <span class='ocrx_word' id='word_1_251' title='bbox 666 3368 780 3435; x_wconf 88' lang='lat' dir='ltr'><strong>endem</strong></span> <span class='ocrx_word' id='word_1_252' title='bbox 794 3368 978 3432; x_wconf 78' lang='lat' dir='ltr'><strong>mutatione</strong></span> <span class='ocrx_word' id='word_1_253' title='bbox 991 3366 1152 3450; x_wconf 88' lang='lat' dir='ltr'><strong>loquendi</strong></span> <span class='ocrx_word' id='word_1_254' title='bbox 1168 3367 1338 3432; x_wconf 80' lang='lat' dir='ltr'><strong>cedrenus</strong></span> <span class='ocrx_word' id='word_1_255' title='bbox 1353 3368 1390 3429; x_wconf 74' lang='lat' dir='ltr'><strong>ix</strong></span> 
     </span>
     <span class='ocr_line' id='line_1_31' title="bbox 295 3465 1390 3554; baseline 0.006 -26"><span class='ocrx_word' id='word_1_256' title='bbox 295 3465 390 3550; x_wconf 67' lang='grc' dir='ltr'><strong><em>γίνους</em></strong></span> <span class='ocrx_word' id='word_1_257' title='bbox 401 3468 428 3529; x_wconf 70' lang='grc' dir='ltr'><strong>δῖ</strong></span> <span class='ocrx_word' id='word_1_258' title='bbox 439 3475 487 3530; x_wconf 80' lang='grc' dir='ltr'><strong>τοῦ</strong></span> <span class='ocrx_word' id='word_1_259' title='bbox 494 3470 582 3540; x_wconf 70' lang='grc' dir='ltr'><strong><em>Δάνα,</em></strong></span> <span class='ocrx_word' id='word_1_260' title='bbox 597 3470 645 3531; x_wconf 73' lang='grc' dir='ltr'><strong>καὶ</strong></span> <span class='ocrx_word' id='word_1_261' title='bbox 661 3468 739 3547; x_wconf 69' lang='grc' dir='ltr'><strong>Λήδα</strong></span> <span class='ocrx_word' id='word_1_262' title='bbox 749 3470 809 3533; x_wconf 78' lang='lat' dir='ltr'><strong>ieri</strong></span> <span class='ocrx_word' id='word_1_263' title='bbox 824 3469 914 3554; x_wconf 71' lang='grc' dir='ltr'><strong><em>μήτηρ</em></strong></span> <span class='ocrx_word' id='word_1_264' title='bbox 927 3471 944 3544; x_wconf 77' lang='grc' dir='ltr'><strong>η’</strong></span> <span class='ocrx_word' id='word_1_265' title='bbox 952 3471 1015 3550; x_wconf 67' lang='grc' dir='ltr'><strong>ἐμὴ,</strong></span> <span class='ocrx_word' id='word_1_266' title='bbox 1027 3469 1152 3534; x_wconf 79' lang='lat' dir='ltr'><strong>licetei</strong></span> <span class='ocrx_word' id='word_1_267' title='bbox 1164 3471 1241 3534; x_wconf 73' lang='lat' dir='ltr'><strong>istic</strong></span> <span class='ocrx_word' id='word_1_268' title='bbox 1257 3474 1390 3554; x_wconf 61' lang='lat' dir='ltr'><strong>superi-</strong></span> 
     </span>
     <span class='ocr_line' id='line_1_32' title="bbox 298 3567 1390 3655; baseline 0.005 -25"><span class='ocrx_word' id='word_1_269' title='bbox 298 3586 358 3631; x_wconf 85' lang='lat' dir='ltr'><strong>ore</strong></span> <span class='ocrx_word' id='word_1_270' title='bbox 367 3586 426 3649; x_wconf 90' lang='lat' dir='ltr'><strong>per</strong></span> <span class='ocrx_word' id='word_1_271' title='bbox 434 3567 596 3632; x_wconf 85' lang='lat' dir='ltr'><strong>infinitum</strong></span> <span class='ocrx_word' id='word_1_272' title='bbox 604 3570 671 3633; x_wconf 89' lang='lat' dir='ltr'><strong>siut</strong></span> <span class='ocrx_word' id='word_1_273' title='bbox 679 3571 845 3651; x_wconf 81' lang='lat' dir='ltr'><strong>exposite.</strong></span> <span class='ocrx_word' id='word_1_274' title='bbox 868 3568 1390 3655; x_wconf 82' lang='lat' dir='ltr'><strong>Subjioiunturhiscedeiuepud</strong></span> 
     </span>
     <span class='ocr_line' id='line_1_33' title="bbox 284 3666 1390 3752; baseline 0.006 -22"><span class='ocrx_word' id='word_1_275' title='bbox 284 3667 373 3741; x_wconf 79' lang='lat' dir='ltr'><strong>,iilos</strong></span> <span class='ocrx_word' id='word_1_276' title='bbox 403 3684 532 3739; x_wconf 89' lang='lat' dir='ltr'><strong>omnes,</strong></span> <span class='ocrx_word' id='word_1_277' title='bbox 557 3666 727 3743; x_wconf 77' lang='lat' dir='ltr'><strong>Maletum,</strong></span> <span class='ocrx_word' id='word_1_278' title='bbox 744 3668 941 3746; x_wconf 87' lang='lat' dir='ltr'><strong>Cedrenum,</strong></span> <span class='ocrx_word' id='word_1_279' title='bbox 971 3676 1005 3733; x_wconf 90' lang='lat' dir='ltr'><strong>et</strong></span> <span class='ocrx_word' id='word_1_280' title='bbox 1024 3670 1236 3752; x_wconf 89' lang='lat' dir='ltr'><strong>Septimium,</strong></span> <span class='ocrx_word' id='word_1_281' title='bbox 1253 3671 1390 3737; x_wconf 80' lang='lat' dir='ltr'><strong>eaedem</strong></span> 
     </span>
     <span class='ocr_line' id='line_1_34' title="bbox 296 3764 1388 3851; baseline 0.007 -21"><span class='ocrx_word' id='word_1_282' title='bbox 296 3767 436 3830; x_wconf 81' lang='lat' dir='ltr'><strong>Heleuae</strong></span> <span class='ocrx_word' id='word_1_283' title='bbox 452 3785 580 3848; x_wconf 85' lang='lat' dir='ltr'><strong>preces,</strong></span> <span class='ocrx_word' id='word_1_284' title='bbox 603 3771 613 3799; x_wconf 92' lang='lat'>‘</span> <span class='ocrx_word' id='word_1_285' title='bbox 629 3785 734 3844; x_wconf 81' lang='lat' dir='ltr'><strong>orere,</strong></span> <span class='ocrx_word' id='word_1_286' title='bbox 748 3787 789 3833; x_wconf 91' lang='lat' dir='ltr'><strong>ne</strong></span> <span class='ocrx_word' id='word_1_287' title='bbox 814 3788 864 3844; x_wconf 86' lang='lat' dir='ltr'><strong>se,</strong></span> <span class='ocrx_word' id='word_1_288' title='bbox 879 3788 968 3851; x_wconf 32' lang='lat' dir='ltr'><strong>quae,</strong></span> <span class='ocrx_word' id='word_1_289' title='bbox 982 3771 1083 3834; x_wconf 91' lang='lat' dir='ltr'><strong>semel</strong></span> <span class='ocrx_word' id='word_1_290' title='bbox 1097 3771 1130 3834; x_wconf 93' lang='lat' dir='ltr'><strong>in</strong></span> <span class='ocrx_word' id='word_1_291' title='bbox 1144 3770 1244 3836; x_wconf 87' lang='lat' dir='ltr'><strong>fidem</strong></span> <span class='ocrx_word' id='word_1_292' title='bbox 1264 3764 1388 3839; x_wconf 87' lang='lat' dir='ltr'><strong>eorum</strong></span> 
     </span>
     <span class='ocr_line' id='line_1_35' title="bbox 294 3868 1391 3951; baseline 0.004 -19"><span class='ocrx_word' id='word_1_293' title='bbox 294 3874 431 3949; x_wconf 82' lang='lat' dir='ltr'><strong>recepta</strong></span> <span class='ocrx_word' id='word_1_294' title='bbox 443 3875 543 3945; x_wconf 87' lang='lat' dir='ltr'><strong>esset,</strong></span> <span class='ocrx_word' id='word_1_295' title='bbox 559 3868 760 3951; x_wconf 78' lang='lat' dir='ltr'><strong>prodendum</strong></span> <span class='ocrx_word' id='word_1_296' title='bbox 775 3876 943 3951; x_wconf 81' lang='lat' dir='ltr'><strong>poterent3</strong></span> <span class='ocrx_word' id='word_1_297' title='bbox 965 3890 1005 3934; x_wconf 87' lang='lat' dir='ltr'><strong>ee</strong></span> <span class='ocrx_word' id='word_1_298' title='bbox 1020 3890 1134 3935; x_wconf 87' lang='lat' dir='ltr'><strong>secum</strong></span> <span class='ocrx_word' id='word_1_299' title='bbox 1149 3871 1250 3935; x_wconf 93' lang='lat' dir='ltr'><strong>domo</strong></span> <span class='ocrx_word' id='word_1_300' title='bbox 1264 3871 1391 3943; x_wconf 55' lang='lat' dir='ltr'><strong>Menoe</strong></span> 
     </span>
     <span class='ocr_line' id='line_1_36' title="bbox 292 3968 1389 4051; baseline 0.004 -19"><span class='ocrx_word' id='word_1_301' title='bbox 292 3968 350 4044; x_wconf 80' lang='lat' dir='ltr'><strong>lei,</strong></span> <span class='ocrx_word' id='word_1_302' title='bbox 365 3987 443 4049; x_wconf 78' lang='lat' dir='ltr'><strong>quae</strong></span> <span class='ocrx_word' id='word_1_303' title='bbox 456 3970 586 4051; x_wconf 85' lang='lat' dir='ltr'><strong>proprie</strong></span> <span class='ocrx_word' id='word_1_304' title='bbox 598 3969 749 4045; x_wconf 79' lang='lat' dir='ltr'><strong>inissent,</strong></span> <span class='ocrx_word' id='word_1_305' title='bbox 760 3969 840 4032; x_wconf 89' lang='lat' dir='ltr'><strong>uihil</strong></span> <span class='ocrx_word' id='word_1_306' title='bbox 849 3978 1009 4051; x_wconf 86' lang='lat' dir='ltr'><strong>proeteree</strong></span> <span class='ocrx_word' id='word_1_307' title='bbox 1023 3971 1199 4039; x_wconf 79' lang='lat' dir='ltr'><strong>ebletum.’.</strong></span> <span class='ocrx_word' id='word_1_308' title='bbox 1222 3970 1389 4051; x_wconf 67' lang='lat' dir='ltr'><strong>Meletos,</strong></span> 
     </span>
     <span class='ocr_line' id='line_1_37' title="bbox 292 4066 1389 4154; baseline 0.009 -27"><span class='ocrx_word' id='word_1_309' title='bbox 292 4066 391 4152; x_wconf 68' lang='grc' dir='ltr'><strong><em>ᾔτησον</em></strong></span> <span class='ocrx_word' id='word_1_310' title='bbox 405 4067 502 4139; x_wconf 74' lang='grc' dir='ltr'><strong><em>αὐτοὺς</em></strong></span> <span class='ocrx_word' id='word_1_311' title='bbox 518 4069 672 4154; x_wconf 75' lang='grc' dir='ltr'><strong>ὁρκῶοασοι</strong></span> <span class='ocrx_word' id='word_1_312' title='bbox 683 4073 722 4149; x_wconf 75' lang='grc' dir='ltr'><strong>μὴ</strong></span> <span class='ocrx_word' id='word_1_313' title='bbox 737 4069 903 4153; x_wconf 73' lang='grc' dir='ltr'><strong>προδοθῆναι,</strong></span> <span class='ocrx_word' id='word_1_314' title='bbox 918 4070 965 4131; x_wconf 71' lang='grc' dir='ltr'><strong>καὶ</strong></span> <span class='ocrx_word' id='word_1_315' title='bbox 978 4068 1105 4154; x_wconf 50' lang='lat' dir='ltr'><strong>woodo</strong></span> <span class='ocrx_word' id='word_1_316' title='bbox 1127 4072 1209 4152; x_wconf 64' lang='lat' dir='ltr'><strong>perdit</strong></span> <span class='ocrx_word' id='word_1_317' title='bbox 1221 4079 1277 4134; x_wconf 77' lang='grc' dir='ltr'><strong>τῶν</strong></span> <span class='ocrx_word' id='word_1_318' title='bbox 1291 4080 1389 4136; x_wconf 73' lang='grc' dir='ltr'><strong><em>Μονο-</em></strong></span> 
     </span>
     <span class='ocr_line' id='line_1_38' title="bbox 292 4167 1389 4256; baseline 0.008 -25"><span class='ocrx_word' id='word_1_319' title='bbox 292 4167 363 4232; x_wconf 76' lang='grc' dir='ltr'><strong>λᾶοο</strong></span> <span class='ocrx_word' id='word_1_320' title='bbox 378 4169 531 4250; x_wconf 72' lang='grc' dir='ltr'><strong>οἲληψίναο,</strong></span> <span class='ocrx_word' id='word_1_321' title='bbox 544 4168 679 4234; x_wconf 60' lang='lat' dir='ltr'><strong>diutim*</strong></span> <span class='ocrx_word' id='word_1_322' title='bbox 693 4168 750 4234; x_wconf 75' lang='lat' dir='ltr'><strong>itm</strong></span> <span class='ocrx_word' id='word_1_323' title='bbox 762 4168 837 4252; x_wconf 70' lang='lat' dir='ltr'><strong>pira</strong></span> <span class='ocrx_word' id='word_1_324' title='bbox 852 4169 947 4254; x_wconf 70' lang='grc' dir='ltr'><strong><em>ἔλεγον</em></strong></span> <span class='ocrx_word' id='word_1_325' title='bbox 956 4169 1041 4256; x_wconf 63' lang='grc' dir='ltr'><strong><em>ἔχων.</em></strong></span> <span class='ocrx_word' id='word_1_326' title='bbox 1072 4173 1180 4239; x_wconf 76' lang='lat' dir='ltr'><strong>Hisce</strong></span> <span class='ocrx_word' id='word_1_327' title='bbox 1194 4173 1294 4239; x_wconf 77' lang='lat' dir='ltr'><strong>dictis</strong></span> <span class='ocrx_word' id='word_1_328' title='bbox 1309 4175 1389 4249; x_wconf 77' lang='lat' dir='ltr'><strong>He-¹</strong></span> 
     </span>
    </p>
   </div>
   <div class='ocr_carea' id='block_1_4' title="bbox 0 0 1522 4928">
    <p class='ocr_par' dir='ltr' id='par_1_4' title="bbox 0 0 1522 4928">
     <span class='ocr_line' id='line_1_39' title="bbox 0 0 1522 4928; baseline 0 3"><span class='ocrx_word' id='word_1_329' title='bbox 0 0 1522 4928; x_wconf 95' lang='lat' dir='ltr'><strong> </strong></span> 
     </span>
    </p>
   </div>
  </div>
 </body>
</html>
