<?xml version="1.0" encoding="UTF-8"?>
<!DOCTYPE html PUBLIC "-//W3C//DTD XHTML 1.0 Transitional//EN"
    "http://www.w3.org/TR/xhtml1/DTD/xhtml1-transitional.dtd">
<html xmlns="http://www.w3.org/1999/xhtml" xml:lang="en" lang="en">
 <head>
  <title>
</title>
<meta http-equiv="Content-Type" content="text/html;charset=utf-8" />
  <meta name='ocr-system' content='tesseract 3.04.00' />
  <meta name='ocr-capabilities' content='ocr_page ocr_carea ocr_par ocr_line ocrx_word'/>
</head>
<body>
  <div class='ocr_page' id='page_1' title='image "./debellotrojano00josegoog_0490.png"; bbox 0 0 3010 4916; ppageno 0'>
   <div class='ocr_carea' id='block_1_1' title="bbox 432 408 1247 474">
    <p class='ocr_par' dir='ltr' id='par_1_1' title="bbox 432 408 1247 474">
     <span class='ocr_line' id='line_1_1' title="bbox 432 408 1247 474; baseline 0.009 -7"><span class='ocrx_word' id='word_1_1' title='bbox 432 418 481 467; x_wconf 83' lang='lat' dir='ltr'><strong>nn</strong></span> <span class='ocrx_word' id='word_1_2' title='bbox 505 416 625 465; x_wconf 78' lang='lat' dir='ltr'><strong>annno</strong></span> <span class='ocrx_word' id='word_1_3' title='bbox 648 415 819 467; x_wconf 79' lang='lat' dir='ltr'><strong>raorarro</strong></span> <span class='ocrx_word' id='word_1_4' title='bbox 841 420 916 469; x_wconf 81' lang='lat' dir='ltr'><strong>nra.</strong></span> <span class='ocrx_word' id='word_1_5' title='bbox 940 422 981 469; x_wconf 90' lang='grc' dir='ltr'><strong>ιι.</strong></span> <span class='ocrx_word' id='word_1_6' title='bbox 1182 408 1247 474; x_wconf 71' lang='lat' dir='ltr'><strong>ld?</strong></span> 
     </span>
    </p>
   </div>
   <div class='ocr_carea' id='block_1_2' title="bbox 151 558 1246 2771">
    <p class='ocr_par' dir='ltr' id='par_1_2' title="bbox 151 558 1246 2771">
     <span class='ocr_line' id='line_1_2' title="bbox 155 558 1086 645; baseline 0.005 -20"><span class='ocrx_word' id='word_1_7' title='bbox 155 558 406 645; x_wconf 81' lang='lat' dir='ltr'><strong>Myrmidonum</strong></span> <span class='ocrx_word' id='word_1_8' title='bbox 420 577 591 641; x_wconf 82' lang='lat' dir='ltr'><strong>proceres.</strong></span> <span class='ocrx_word' id='word_1_9' title='bbox 633 558 767 625; x_wconf 74' lang='lat' dir='ltr'><strong>Cusum</strong></span> <span class='ocrx_word' id='word_1_10' title='bbox 780 559 893 643; x_wconf 73' lang='lat' dir='ltr'><strong>lugere</strong></span> <span class='ocrx_word' id='word_1_11' title='bbox 905 566 1086 645; x_wconf 81' lang='lat' dir='ltr'><strong>parentem,</strong></span> 
     </span>
     <span class='ocr_line' id='line_1_3' title="bbox 154 658 1037 744; baseline 0.003 -19"><span class='ocrx_word' id='word_1_12' title='bbox 154 661 363 725; x_wconf 70' lang='lat' dir='ltr'><strong>Exhaustum</strong></span> <span class='ocrx_word' id='word_1_13' title='bbox 378 659 507 724; x_wconf 74' lang='lat' dir='ltr'><strong>rtdsse</strong></span> <span class='ocrx_word' id='word_1_14' title='bbox 524 658 672 737; x_wconf 89' lang='lat' dir='ltr'><strong>domum,</strong></span> <span class='ocrx_word' id='word_1_15' title='bbox 685 659 866 744; x_wconf 82' lang='lat' dir='ltr'><strong>lapsosque</strong></span> <span class='ocrx_word' id='word_1_16' title='bbox 882 674 1037 744; x_wconf 62' lang='lat' dir='ltr'><strong>montes,</strong></span> 
     </span>
     <span class='ocr_line' id='line_1_4' title="bbox 152 760 956 845; baseline 0.005 -21"><span class='ocrx_word' id='word_1_17' title='bbox 152 762 204 827; x_wconf 85' lang='lat' dir='ltr'><strong>Sit</strong></span> <span class='ocrx_word' id='word_1_18' title='bbox 219 762 322 826; x_wconf 86' lang='lat' dir='ltr'><strong>satis:</strong></span> <span class='ocrx_word' id='word_1_19' title='bbox 346 760 532 825; x_wconf 88' lang='lat' dir='ltr'><strong>Hesionem</strong></span> <span class='ocrx_word' id='word_1_20' title='bbox 546 760 703 845; x_wconf 78' lang='lat' dir='ltr'><strong>lacrymis</strong></span> <span class='ocrx_word' id='word_1_21' title='bbox 718 761 838 827; x_wconf 86' lang='lat' dir='ltr'><strong>solatia</strong></span> <span class='ocrx_word' id='word_1_22' title='bbox 853 765 956 828; x_wconf 79' lang='lat' dir='ltr'><strong>tentis</strong></span> 
     </span>
     <span class='ocr_line' id='line_1_5' title="bbox 152 862 1104 945; baseline 0.006 -18"><span class='ocrx_word' id='word_1_23' title='bbox 152 862 313 927; x_wconf 85' lang='lat' dir='ltr'><strong>Reddite.</strong></span> <span class='ocrx_word' id='word_1_24' title='bbox 356 862 469 926; x_wconf 83' lang='lat' dir='ltr'><strong>Parra</strong></span> <span class='ocrx_word' id='word_1_25' title='bbox 483 862 616 945; x_wconf 89' lang='lat' dir='ltr'><strong>quidem</strong></span> <span class='ocrx_word' id='word_1_26' title='bbox 630 881 751 945; x_wconf 88' lang='lat' dir='ltr'><strong>poseo,</strong></span> <span class='ocrx_word' id='word_1_27' title='bbox 765 862 825 927; x_wconf 87' lang='lat' dir='ltr'><strong>sod</strong></span> <span class='ocrx_word' id='word_1_28' title='bbox 839 865 981 929; x_wconf 84' lang='lat' dir='ltr'><strong>muneris</strong></span> <span class='ocrx_word' id='word_1_29' title='bbox 996 866 1104 933; x_wconf 82' lang='lat' dir='ltr'><strong>instar</strong></span> 
     </span>
     <span class='ocr_line' id='line_1_6' title="bbox 153 962 874 1047; baseline 0.003 -21"><span class='ocrx_word' id='word_1_30' title='bbox 153 962 309 1046; x_wconf 82' lang='lat' dir='ltr'><strong>Majoris,</strong></span> <span class='ocrx_word' id='word_1_31' title='bbox 325 965 403 1028; x_wconf 83' lang='lat' dir='ltr'><strong>vitea</strong></span> <span class='ocrx_word' id='word_1_32' title='bbox 418 964 552 1045; x_wconf 88' lang='lat' dir='ltr'><strong>pariter,</strong></span> <span class='ocrx_word' id='word_1_33' title='bbox 567 964 757 1047; x_wconf 76' lang='lat' dir='ltr'>pariterque</span> <span class='ocrx_word' id='word_1_34' title='bbox 772 964 874 1028; x_wconf 86' lang='lat' dir='ltr'><strong>saluti</strong></span> 
     </span>
     <span class='ocr_line' id='line_1_7' title="bbox 154 1064 1097 1152; baseline 0.005 -24"><span class='ocrx_word' id='word_1_35' title='bbox 154 1064 354 1129; x_wconf 77' lang='lat' dir='ltr'><strong>Exanimem</strong></span> <span class='ocrx_word' id='word_1_36' title='bbox 369 1064 506 1129; x_wconf 85' lang='lat' dir='ltr'><strong>dabitis.</strong></span> <span class='ocrx_word' id='word_1_37' title='bbox 549 1064 608 1129; x_wconf 83' lang='lat' dir='ltr'><strong>Sic</strong></span> <span class='ocrx_word' id='word_1_38' title='bbox 624 1072 804 1147; x_wconf 89' lang='lat' dir='ltr'><strong>postquam</strong></span> <span class='ocrx_word' id='word_1_39' title='bbox 819 1069 957 1148; x_wconf 87' lang='lat' dir='ltr'><strong>questus</strong></span> <span class='ocrx_word' id='word_1_40' title='bbox 970 1075 1005 1132; x_wconf 86' lang='lat' dir='ltr'><strong>et</strong></span> <span class='ocrx_word' id='word_1_41' title='bbox 1017 1067 1097 1152; x_wconf 86' lang='lat' dir='ltr'><strong>ipsi,</strong></span> 
     </span>
     <span class='ocr_line' id='line_1_8' title="bbox 153 1165 1246 1248; baseline 0.005 -19"><span class='ocrx_word' id='word_1_42' title='bbox 153 1165 199 1229; x_wconf 85' lang='lat' dir='ltr'><strong>Et</strong></span> <span class='ocrx_word' id='word_1_43' title='bbox 213 1166 269 1230; x_wconf 84' lang='lat' dir='ltr'><strong>oui</strong></span> <span class='ocrx_word' id='word_1_44' title='bbox 285 1166 403 1230; x_wconf 83' lang='lat' dir='ltr'><strong>charta</strong></span> <span class='ocrx_word' id='word_1_45' title='bbox 416 1166 522 1243; x_wconf 85' lang='lat' dir='ltr'><strong>dator,</strong></span> <span class='ocrx_word' id='word_1_46' title='bbox 537 1166 671 1248; x_wconf 85' lang='lat' dir='ltr'><strong>tepidus</strong></span> <span class='ocrx_word' id='word_1_47' title='bbox 686 1165 758 1233; x_wconf 85' lang='lat' dir='ltr'><strong>fluit</strong></span> <span class='ocrx_word' id='word_1_48' title='bbox 771 1166 892 1231; x_wconf 89' lang='lat' dir='ltr'><strong>humor</strong></span> <span class='ocrx_word' id='word_1_49' title='bbox 905 1169 940 1232; x_wconf 88' lang='lat' dir='ltr'><strong>iu</strong></span> <span class='ocrx_word' id='word_1_50' title='bbox 955 1187 1023 1234; x_wconf 81' lang='lat' dir='ltr'><strong>ora.</strong></span> <span class='ocrx_word' id='word_1_51' title='bbox 1242 1228 1246 1235; x_wconf 93' lang='lat'>.</span> 
     </span>
     <span class='ocr_line' id='line_1_9' title="bbox 196 1266 1117 1354; baseline 0.003 -21"><span class='ocrx_word' id='word_1_52' title='bbox 196 1269 357 1345; x_wconf 79' lang='lat' dir='ltr'>Antenor,</span> <span class='ocrx_word' id='word_1_53' title='bbox 378 1267 540 1352; x_wconf 81' lang='lat' dir='ltr'><strong>Zephyris</strong></span> <span class='ocrx_word' id='word_1_54' title='bbox 554 1266 715 1332; x_wconf 88' lang='lat' dir='ltr'><strong>blandum</strong></span> <span class='ocrx_word' id='word_1_55' title='bbox 730 1267 974 1351; x_wconf 77' lang='lat' dir='ltr'><strong>spondentibus</strong></span> <span class='ocrx_word' id='word_1_56' title='bbox 989 1288 1117 1354; x_wconf 79' lang='lat' dir='ltr'><strong>aeqnor,</strong></span> 
     </span>
     <span class='ocr_line' id='line_1_10' title="bbox 156 1367 1092 1452; baseline 0.004 -20"><span class='ocrx_word' id='word_1_57' title='bbox 156 1368 282 1434; x_wconf 78' lang='lat' dir='ltr'><strong>Haurit</strong></span> <span class='ocrx_word' id='word_1_58' title='bbox 293 1370 375 1434; x_wconf 84' lang='lat' dir='ltr'><strong>iter:</strong></span> <span class='ocrx_word' id='word_1_59' title='bbox 396 1368 600 1451; x_wconf 78' lang='lat' dir='ltr'><strong>rapiensque</strong></span> <span class='ocrx_word' id='word_1_60' title='bbox 615 1367 713 1432; x_wconf 87' lang='lat' dir='ltr'><strong>ducis</strong></span> <span class='ocrx_word' id='word_1_61' title='bbox 725 1368 883 1434; x_wconf 83' lang='lat' dir='ltr'><strong>mundata</strong></span> <span class='ocrx_word' id='word_1_62' title='bbox 899 1388 960 1452; x_wconf 85' lang='lat' dir='ltr'><strong>per</strong></span> <span class='ocrx_word' id='word_1_63' title='bbox 973 1371 1092 1451; x_wconf 86' lang='lat' dir='ltr'><strong>undas,</strong></span> 
     </span>
     <span class='ocr_line' id='line_1_11' title="bbox 155 1468 942 1552; baseline 0.003 -20"><span class='ocrx_word' id='word_1_64' title='bbox 155 1468 323 1552; x_wconf 82' lang='lat' dir='ltr'><strong>Magnesii</strong></span> <span class='ocrx_word' id='word_1_65' title='bbox 338 1469 432 1545; x_wconf 86' lang='lat' dir='ltr'><strong>fines,</strong></span> <span class='ocrx_word' id='word_1_66' title='bbox 448 1470 589 1552; x_wconf 87' lang='lat' dir='ltr'><strong>Sparten</strong></span> <span class='ocrx_word' id='word_1_67' title='bbox 604 1470 815 1552; x_wconf 78' lang='lat' dir='ltr'><strong>praetervolat</strong></span> <span class='ocrx_word' id='word_1_68' title='bbox 828 1471 942 1548; x_wconf 84' lang='lat' dir='ltr'><strong>altam,</strong></span> 
     </span>
     <span class='ocr_line' id='line_1_12' title="bbox 152 1569 1009 1655; baseline 0.002 -20"><span class='ocrx_word' id='word_1_69' title='bbox 152 1571 410 1655; x_wconf 87' lang='lat' dir='ltr'><strong>Fatidieamque</strong></span> <span class='ocrx_word' id='word_1_70' title='bbox 426 1569 549 1653; x_wconf 82' lang='lat' dir='ltr'><strong>Pylon,</strong></span> <span class='ocrx_word' id='word_1_71' title='bbox 563 1572 682 1653; x_wconf 85' lang='lat' dir='ltr'><strong>paucis</strong></span> <span class='ocrx_word' id='word_1_72' title='bbox 697 1572 752 1637; x_wconf 90' lang='lat' dir='ltr'><strong>ubi</strong></span> <span class='ocrx_word' id='word_1_73' title='bbox 767 1578 876 1637; x_wconf 86' lang='lat' dir='ltr'><strong>tracta</strong></span> <span class='ocrx_word' id='word_1_74' title='bbox 890 1572 1009 1638; x_wconf 88' lang='lat' dir='ltr'><strong>diebus</strong></span> 
     </span>
     <span class='ocr_line' id='line_1_13' title="bbox 152 1671 944 1757; baseline 0 -21"><span class='ocrx_word' id='word_1_75' title='bbox 152 1671 235 1737; x_wconf 86' lang='lat' dir='ltr'><strong>Otia</strong></span> <span class='ocrx_word' id='word_1_76' title='bbox 249 1674 436 1757; x_wconf 82' lang='lat' dir='ltr'><strong>dequestus</strong></span> <span class='ocrx_word' id='word_1_77' title='bbox 450 1672 560 1739; x_wconf 82' lang='lat' dir='ltr'><strong>oedit:</strong></span> <span class='ocrx_word' id='word_1_78' title='bbox 581 1691 649 1736; x_wconf 90' lang='lat' dir='ltr'><strong>non</strong></span> <span class='ocrx_word' id='word_1_79' title='bbox 658 1672 763 1736; x_wconf 86' lang='lat' dir='ltr'><strong>Pelea</strong></span> <span class='ocrx_word' id='word_1_80' title='bbox 777 1691 944 1755; x_wconf 72' lang='lat' dir='ltr'><strong>magnum,</strong></span> 
     </span>
     <span class='ocr_line' id='line_1_14' title="bbox 151 1773 1009 1858; baseline 0.001 -21"><span class='ocrx_word' id='word_1_81' title='bbox 151 1773 367 1858; x_wconf 85' lang='lat' dir='ltr'><strong>Tyndaridas</strong></span> <span class='ocrx_word' id='word_1_82' title='bbox 379 1775 538 1857; x_wconf 82' lang='lat' dir='ltr'><strong>geminos,</strong></span> <span class='ocrx_word' id='word_1_83' title='bbox 552 1774 685 1857; x_wconf 84' lang='lat' dir='ltr'><strong>Pyliam</strong></span> <span class='ocrx_word' id='word_1_84' title='bbox 699 1774 823 1839; x_wconf 84' lang='lat' dir='ltr'><strong>flexere</strong></span> <span class='ocrx_word' id='word_1_85' title='bbox 839 1781 1009 1838; x_wconf 80' lang='lat' dir='ltr'><strong>senectam</strong></span> 
     </span>
     <span class='ocr_line' id='line_1_15' title="bbox 152 1873 1032 1942; baseline 0 -4"><span class='ocrx_word' id='word_1_86' title='bbox 152 1873 273 1938; x_wconf 86' lang='lat' dir='ltr'><strong>Verba</strong></span> <span class='ocrx_word' id='word_1_87' title='bbox 286 1875 398 1942; x_wconf 84' lang='lat' dir='ltr'><strong>ducis:</strong></span> <span class='ocrx_word' id='word_1_88' title='bbox 420 1877 488 1941; x_wconf 80' lang='lat' dir='ltr'><strong>lteti</strong></span> <span class='ocrx_word' id='word_1_89' title='bbox 503 1875 637 1940; x_wconf 86' lang='lat' dir='ltr'><strong>taudem</strong></span> <span class='ocrx_word' id='word_1_90' title='bbox 651 1874 846 1940; x_wconf 78' lang='lat' dir='ltr'><strong>Telamonis</strong></span> <span class='ocrx_word' id='word_1_91' title='bbox 858 1874 902 1940; x_wconf 89' lang='lat' dir='ltr'><strong>ad</strong></span> <span class='ocrx_word' id='word_1_92' title='bbox 917 1874 1032 1938; x_wconf 88' lang='lat' dir='ltr'><strong>urbem</strong></span> 
     </span>
     <span class='ocr_line' id='line_1_16' title="bbox 154 1972 1084 2061; baseline 0 -22"><span class='ocrx_word' id='word_1_93' title='bbox 154 1972 277 2040; x_wconf 86' lang='lat' dir='ltr'><strong>Flectit</strong></span> <span class='ocrx_word' id='word_1_94' title='bbox 290 1975 361 2052; x_wconf 85' lang='lat' dir='ltr'><strong>iter,</strong></span> <span class='ocrx_word' id='word_1_95' title='bbox 382 1975 609 2061; x_wconf 83' lang='lat' dir='ltr'><strong>Lachesisque</strong></span> <span class='ocrx_word' id='word_1_96' title='bbox 625 1975 738 2058; x_wconf 79' lang='lat' dir='ltr'><strong>segem</strong></span> <span class='ocrx_word' id='word_1_97' title='bbox 752 1976 898 2058; x_wconf 75' lang='lat' dir='ltr'><strong>vestigat</strong></span> <span class='ocrx_word' id='word_1_98' title='bbox 911 1974 947 2039; x_wconf 93' lang='lat' dir='ltr'><strong>in</strong></span> <span class='ocrx_word' id='word_1_99' title='bbox 960 1993 1084 2039; x_wconf 87' lang='lat' dir='ltr'><strong>omnes.</strong></span> 
     </span>
     <span class='ocr_line' id='line_1_17' title="bbox 196 2075 1030 2161; baseline 0 -21"><span class='ocrx_word' id='word_1_100' title='bbox 196 2075 308 2159; x_wconf 76' lang='lat' dir='ltr'><strong>Regia</strong></span> <span class='ocrx_word' id='word_1_101' title='bbox 322 2077 412 2142; x_wconf 83' lang='lat' dir='ltr'><strong>celsa</strong></span> <span class='ocrx_word' id='word_1_102' title='bbox 424 2078 519 2153; x_wconf 86' lang='lat' dir='ltr'><strong>nitet,</strong></span> <span class='ocrx_word' id='word_1_103' title='bbox 531 2078 769 2161; x_wconf 83' lang='lat' dir='ltr'><strong>completaque</strong></span> <span class='ocrx_word' id='word_1_104' title='bbox 786 2078 909 2142; x_wconf 82' lang='lat' dir='ltr'><strong>murice</strong></span> <span class='ocrx_word' id='word_1_105' title='bbox 924 2077 1030 2141; x_wconf 87' lang='lat' dir='ltr'><strong>multo</strong></span> 
     </span>
     <span class='ocr_line' id='line_1_18' title="bbox 153 2177 929 2262; baseline 0.001 -21"><span class='ocrx_word' id='word_1_106' title='bbox 153 2177 310 2261; x_wconf 78' lang='lat' dir='ltr'><strong>Purpura</strong></span> <span class='ocrx_word' id='word_1_107' title='bbox 325 2177 482 2244; x_wconf 82' lang='lat' dir='ltr'><strong>Sidonios</strong></span> <span class='ocrx_word' id='word_1_108' title='bbox 496 2178 656 2262; x_wconf 77' lang='lat' dir='ltr'><strong>dispergit</strong></span> <span class='ocrx_word' id='word_1_109' title='bbox 670 2180 703 2244; x_wconf 92' lang='lat' dir='ltr'><strong>io</strong></span> <span class='ocrx_word' id='word_1_110' title='bbox 718 2180 803 2243; x_wconf 82' lang='lat' dir='ltr'><strong>atrio</strong></span> <span class='ocrx_word' id='word_1_111' title='bbox 815 2179 929 2256; x_wconf 86' lang='lat' dir='ltr'><strong>luxus,</strong></span> 
     </span>
     <span class='ocr_line' id='line_1_19' title="bbox 151 2279 965 2365; baseline 0.001 -22"><span class='ocrx_word' id='word_1_112' title='bbox 151 2279 327 2343; x_wconf 89' lang='lat' dir='ltr'><strong>Soleuuem</strong></span> <span class='ocrx_word' id='word_1_113' title='bbox 343 2280 496 2344; x_wconf 84' lang='lat' dir='ltr'><strong>eoulessa</strong></span> <span class='ocrx_word' id='word_1_114' title='bbox 510 2281 609 2358; x_wconf 85' lang='lat' dir='ltr'><strong>diem,</strong></span> <span class='ocrx_word' id='word_1_115' title='bbox 625 2300 695 2364; x_wconf 85' lang='lat' dir='ltr'><strong>qna</strong></span> <span class='ocrx_word' id='word_1_116' title='bbox 704 2281 817 2365; x_wconf 80' lang='lat' dir='ltr'><strong>jungit</strong></span> <span class='ocrx_word' id='word_1_117' title='bbox 830 2281 965 2346; x_wconf 84' lang='lat' dir='ltr'><strong>herilem</strong></span> 
     </span>
     <span class='ocr_line' id='line_1_20' title="bbox 151 2380 933 2466; baseline 0 -21"><span class='ocrx_word' id='word_1_118' title='bbox 151 2380 243 2445; x_wconf 84' lang='lat' dir='ltr'><strong>Juuo</strong></span> <span class='ocrx_word' id='word_1_119' title='bbox 258 2386 386 2446; x_wconf 87' lang='lat' dir='ltr'><strong>torum:</strong></span> <span class='ocrx_word' id='word_1_120' title='bbox 407 2381 488 2447; x_wconf 80' lang='lat' dir='ltr'><strong>laeto</strong></span> <span class='ocrx_word' id='word_1_121' title='bbox 504 2383 617 2448; x_wconf 84' lang='lat' dir='ltr'><strong>cuncti</strong></span> <span class='ocrx_word' id='word_1_122' title='bbox 633 2383 797 2449; x_wconf 85' lang='lat' dir='ltr'><strong>connubia</strong></span> <span class='ocrx_word' id='word_1_123' title='bbox 810 2382 933 2466; x_wconf 85' lang='lat' dir='ltr'><strong>plausu</strong></span> 
     </span>
     <span class='ocr_line' id='line_1_21' title="bbox 152 2480 999 2568; baseline 0.005 -24"><span class='ocrx_word' id='word_1_124' title='bbox 152 2480 408 2560; x_wconf 81' lang='lat' dir='ltr'><strong>concelebrant,</strong></span> <span class='ocrx_word' id='word_1_125' title='bbox 421 2485 612 2568; x_wconf 91' lang='lat' dir='ltr'><strong>populoque</strong></span> <span class='ocrx_word' id='word_1_126' title='bbox 627 2503 687 2548; x_wconf 91' lang='lat' dir='ltr'><strong>suo</strong></span> <span class='ocrx_word' id='word_1_127' title='bbox 700 2484 878 2548; x_wconf 80' lang='lat' dir='ltr'><strong>certamina</strong></span> <span class='ocrx_word' id='word_1_128' title='bbox 891 2484 999 2567; x_wconf 85' lang='lat' dir='ltr'><strong>prime</strong></span> 
     </span>
     <span class='ocr_line' id='line_1_22' title="bbox 151 2580 980 2668; baseline 0.005 -23"><span class='ocrx_word' id='word_1_129' title='bbox 151 2580 388 2666; x_wconf 87' lang='lat' dir='ltr'><strong>Ventripoteus</strong></span> <span class='ocrx_word' id='word_1_130' title='bbox 403 2586 499 2668; x_wconf 87' lang='lat' dir='ltr'><strong>ponit</strong></span> <span class='ocrx_word' id='word_1_131' title='bbox 512 2586 646 2667; x_wconf 81' lang='lat' dir='ltr'><strong>genius:</strong></span> <span class='ocrx_word' id='word_1_132' title='bbox 668 2602 800 2650; x_wconf 86' lang='lat' dir='ltr'><strong>coennre</strong></span> <span class='ocrx_word' id='word_1_133' title='bbox 814 2583 980 2663; x_wconf 86' lang='lat' dir='ltr'><strong>docorum,</strong></span> 
     </span>
     <span class='ocr_line' id='line_1_23' title="bbox 151 2682 971 2771; baseline 0.004 -23"><span class='ocrx_word' id='word_1_134' title='bbox 151 2682 197 2750; x_wconf 83' lang='lat' dir='ltr'><strong>Et</strong></span> <span class='ocrx_word' id='word_1_135' title='bbox 210 2704 341 2752; x_wconf 84' lang='lat' dir='ltr'><strong>mensus</strong></span> <span class='ocrx_word' id='word_1_136' title='bbox 355 2687 482 2751; x_wconf 80' lang='lat' dir='ltr'><strong>variare</strong></span> <span class='ocrx_word' id='word_1_137' title='bbox 490 2689 611 2770; x_wconf 83' lang='lat' dir='ltr'><strong>juvat:</strong></span> <span class='ocrx_word' id='word_1_138' title='bbox 633 2705 694 2751; x_wconf 88' lang='lat' dir='ltr'><strong>nee</strong></span> <span class='ocrx_word' id='word_1_139' title='bbox 712 2686 836 2771; x_wconf 87' lang='lat' dir='ltr'><strong>poeula</strong></span> <span class='ocrx_word' id='word_1_140' title='bbox 853 2685 971 2751; x_wconf 83' lang='lat' dir='ltr'><strong>desunt</strong></span> 
     </span>
    </p>
   </div>
   <div class='ocr_carea' id='block_1_3' title="bbox 648 2916 754 2967">
    <p class='ocr_par' dir='ltr' id='par_1_3' title="bbox 648 2916 754 2967">
     <span class='ocr_line' id='line_1_24' title="bbox 648 2916 754 2967; baseline 0 0"><span class='ocrx_word' id='word_1_141' title='bbox 648 2916 754 2967; x_wconf 69' lang='grc' dir='ltr'>ΝΟΜ.</span> 
     </span>
    </p>
   </div>
   <div class='ocr_carea' id='block_1_4' title="bbox 142 3045 1248 4323">
    <p class='ocr_par' dir='ltr' id='par_1_4' title="bbox 142 3045 1248 4323">
     <span class='ocr_line' id='line_1_25' title="bbox 180 3045 1243 3112; baseline 0.001 -16"><span class='ocrx_word' id='word_1_142' title='bbox 180 3051 215 3097; x_wconf 77' lang='grc'><strong>70</strong></span> <span class='ocrx_word' id='word_1_143' title='bbox 233 3045 436 3112; x_wconf 65' lang='lat' dir='ltr'><strong>Mmedr&#39;flm]</strong></span> <span class='ocrx_word' id='word_1_144' title='bbox 451 3047 532 3111; x_wconf 69' lang='lat' dir='ltr'><strong>layo,</strong></span> <span class='ocrx_word' id='word_1_145' title='bbox 542 3055 571 3096; x_wconf 84' lang='lat' dir='ltr'><strong>ul</strong></span> <span class='ocrx_word' id='word_1_146' title='bbox 582 3047 677 3097; x_wconf 60' lang='lat' dir='ltr'><strong>lasere·</strong></span> <span class='ocrx_word' id='word_1_147' title='bbox 718 3047 864 3097; x_wconf 76' lang='lat' dir='ltr'><strong>nmoolee</strong></span> <span class='ocrx_word' id='word_1_148' title='bbox 874 3046 1036 3097; x_wconf 72' lang='lat' dir='ltr'><strong>relatolroe·</strong></span> <span class='ocrx_word' id='word_1_149' title='bbox 1052 3046 1165 3096; x_wconf 72' lang='lat' dir='ltr'><strong>Lucan.</strong></span> <span class='ocrx_word' id='word_1_150' title='bbox 1177 3049 1243 3097; x_wconf 78' lang='lat' dir='ltr'><strong>‘eul-</strong></span> 
     </span>
     <span class='ocr_line' id='line_1_26' title="bbox 148 3121 1241 3190; baseline 0.001 -19"><span class='ocrx_word' id='word_1_151' title='bbox 148 3122 201 3172; x_wconf 82' lang='lat' dir='ltr'><strong>tlnr</strong></span> <span class='ocrx_word' id='word_1_152' title='bbox 213 3136 253 3172; x_wconf 82' lang='lat' dir='ltr'><strong>rr.</strong></span> <span class='ocrx_word' id='word_1_153' title='bbox 269 3122 414 3185; x_wconf 74' lang='lat' dir='ltr'><strong>‘Meqnerl</strong></span> <span class='ocrx_word' id='word_1_154' title='bbox 426 3121 529 3172; x_wconf 76' lang='lat' dir='ltr'><strong>durnin·</strong></span> <span class='ocrx_word' id='word_1_155' title='bbox 541 3123 615 3174; x_wconf 68' lang='lat' dir='ltr'><strong>sext:</strong></span> <span class='ocrx_word' id='word_1_156' title='bbox 718 3130 798 3190; x_wconf 85' lang='lat' dir='ltr'><strong>tuque</strong></span> <span class='ocrx_word' id='word_1_157' title='bbox 816 3124 917 3187; x_wconf 65' lang='lat' dir='ltr'><strong>lusique</strong></span> <span class='ocrx_word' id='word_1_158' title='bbox 935 3121 1049 3173; x_wconf 75' lang='lat' dir='ltr'><strong>verendo</strong></span> <span class='ocrx_word' id='word_1_159' title='bbox 1060 3121 1169 3171; x_wconf 75' lang='lat' dir='ltr'><strong>Vlttstn</strong></span> <span class='ocrx_word' id='word_1_160' title='bbox 1187 3123 1241 3172; x_wconf 87' lang='lat' dir='ltr'><strong>len·</strong></span> 
     </span>
     <span class='ocr_line' id='line_1_27' title="bbox 181 3194 1242 3264; baseline -0.001 -18"><span class='ocrx_word' id='word_1_161' title='bbox 181 3202 214 3248; x_wconf 84' lang='lat' dir='ltr'><strong>&#39;ll</strong></span> <span class='ocrx_word' id='word_1_162' title='bbox 234 3197 412 3262; x_wconf 65' lang='lat' dir='ltr'><strong>rudem</strong></span> <span class='ocrx_word' id='word_1_163' title='bbox 422 3197 514 3264; x_wconf 80' lang='lat' dir='ltr'><strong>Pylon]</strong></span> <span class='ocrx_word' id='word_1_164' title='bbox 530 3198 678 3259; x_wconf 64' lang='lat' dir='ltr'><strong>cursatidi</strong></span> <span class='ocrx_word' id='word_1_165' title='bbox 717 3212 761 3249; x_wconf 81' lang='lat' dir='ltr'><strong>rna</strong></span> <span class='ocrx_word' id='word_1_166' title='bbox 782 3206 810 3248; x_wconf 84' lang='lat' dir='ltr'><strong>et</strong></span> <span class='ocrx_word' id='word_1_167' title='bbox 830 3198 954 3262; x_wconf 81' lang='lat' dir='ltr'><strong>supplicis</strong></span> <span class='ocrx_word' id='word_1_168' title='bbox 976 3195 1053 3245; x_wconf 78' lang='lat' dir='ltr'><strong>arbor</strong></span> <span class='ocrx_word' id='word_1_169' title='bbox 1074 3194 1166 3245; x_wconf 63' lang='lat' dir='ltr'><strong>ollem?</strong></span> <span class='ocrx_word' id='word_1_170' title='bbox 1197 3195 1242 3245; x_wconf 80' lang='lat' dir='ltr'><strong>ste</strong></span> 
     </span>
     <span class='ocr_line' id='line_1_28' title="bbox 152 3267 1244 3337; baseline -0.001 -17"><span class='ocrx_word' id='word_1_171' title='bbox 152 3287 197 3321; x_wconf 81' lang='lat' dir='ltr'><strong>ee:</strong></span> <span class='ocrx_word' id='word_1_172' title='bbox 214 3273 385 3335; x_wconf 76' lang='lat' dir='ltr'><strong>etquenam?</strong></span> <span class='ocrx_word' id='word_1_173' title='bbox 402 3282 456 3323; x_wconf 84' lang='lat' dir='ltr'><strong>tres</strong></span> <span class='ocrx_word' id='word_1_174' title='bbox 468 3274 537 3324; x_wconf 75' lang='lat' dir='ltr'><strong>enlm</strong></span> <span class='ocrx_word' id='word_1_175' title='bbox 548 3276 677 3337; x_wconf 74' lang='lat' dir='ltr'><strong>eoquoorl·</strong></span> <span class='ocrx_word' id='word_1_176' title='bbox 717 3274 786 3337; x_wconf 83' lang='lat' dir='ltr'><strong>apud</strong></span> <span class='ocrx_word' id='word_1_177' title='bbox 801 3272 874 3333; x_wconf 67' lang='lat' dir='ltr'><strong>vtrq.</strong></span> <span class='ocrx_word' id='word_1_178' title='bbox 890 3270 998 3334; x_wconf 81' lang='lat' dir='ltr'><strong>‘penem</strong></span> <span class='ocrx_word' id='word_1_179' title='bbox 1017 3267 1142 3333; x_wconf 82' lang='lat' dir='ltr'><strong>prefetur</strong></span> <span class='ocrx_word' id='word_1_180' title='bbox 1159 3268 1244 3319; x_wconf 67' lang='lat' dir='ltr'><strong>ollrn&#39;</strong></span> 
     </span>
     <span class='ocr_line' id='line_1_29' title="bbox 153 3342 1243 3411; baseline -0.003 -14"><span class='ocrx_word' id='word_1_181' title='bbox 153 3361 201 3397; x_wconf 81' lang='lat' dir='ltr'><strong>nee</strong></span> <span class='ocrx_word' id='word_1_182' title='bbox 213 3347 239 3395; x_wconf 87' lang='lat' dir='ltr'><strong>in</strong></span> <span class='ocrx_word' id='word_1_183' title='bbox 251 3345 354 3411; x_wconf 83' lang='lat' dir='ltr'><strong>Pelopis</strong></span> <span class='ocrx_word' id='word_1_184' title='bbox 366 3349 415 3398; x_wconf 79' lang='lat' dir='ltr'><strong>iate</strong></span> <span class='ocrx_word' id='word_1_185' title='bbox 426 3350 518 3401; x_wconf 80' lang='lat' dir='ltr'><strong>insule.</strong></span> <span class='ocrx_word' id='word_1_186' title='bbox 556 3352 634 3401; x_wconf 84' lang='lat' dir='ltr'><strong>Prlos</strong></span> <span class='ocrx_word' id='word_1_187' title='bbox 642 3350 678 3400; x_wconf 78' lang='lat' dir='ltr'><strong>A·</strong></span> <span class='ocrx_word' id='word_1_188' title='bbox 718 3349 784 3398; x_wconf 85' lang='lat' dir='ltr'><strong>cum</strong></span> <span class='ocrx_word' id='word_1_189' title='bbox 800 3346 895 3395; x_wconf 81' lang='lat' dir='ltr'><strong>ambitu</strong></span> <span class='ocrx_word' id='word_1_190' title='bbox 916 3345 974 3394; x_wconf 80' lang='lat' dir='ltr'><strong>etde</strong></span> <span class='ocrx_word' id='word_1_191' title='bbox 992 3350 1111 3407; x_wconf 73' lang='lat' dir='ltr'><strong>egentem</strong></span> <span class='ocrx_word' id='word_1_192' title='bbox 1129 3342 1162 3392; x_wconf 90' lang='lat' dir='ltr'><strong>de</strong></span> <span class='ocrx_word' id='word_1_193' title='bbox 1177 3342 1243 3394; x_wconf 80' lang='lat' dir='ltr'><strong>letae</strong></span> 
     </span>
     <span class='ocr_line' id='line_1_30' title="bbox 189 3421 1118 3484; baseline -0.001 -12"><span class='ocrx_word' id='word_1_194' title='bbox 189 3421 302 3473; x_wconf 81' lang='lat' dir='ltr'><strong>liodorus</strong></span> <span class='ocrx_word' id='word_1_195' title='bbox 313 3437 331 3474; x_wconf 86' lang='lat'><strong>1.</strong></span> <span class='ocrx_word' id='word_1_196' title='bbox 340 3424 494 3474; x_wconf 81' lang='lat' dir='ltr'><strong>medoeuit:</strong></span> <span class='ocrx_word' id='word_1_197' title='bbox 505 3424 678 3475; x_wconf 77' lang='lat' dir='ltr'><strong>helltaritlbl</strong></span> <span class='ocrx_word' id='word_1_198' title='bbox 718 3439 746 3474; x_wconf 94' lang='lat' dir='ltr'><strong>re</strong></span> <span class='ocrx_word' id='word_1_199' title='bbox 757 3423 921 3475; x_wconf 81' lang='lat' dir='ltr'><strong>Perelralium</strong></span> <span class='ocrx_word' id='word_1_200' title='bbox 933 3422 976 3471; x_wconf 86' lang='lat' dir='ltr'><strong>De</strong></span> <span class='ocrx_word' id='word_1_201' title='bbox 987 3422 1066 3484; x_wconf 68' lang='lat' dir='ltr'><strong>tegat.</strong></span> <span class='ocrx_word' id='word_1_202' title='bbox 1077 3424 1118 3471; x_wconf 68' lang='lat'><strong>28.</strong></span> 
     </span>
     <span class='ocr_line' id='line_1_31' title="bbox 148 3438 1244 3564; baseline -0.001 -15"><span class='ocrx_word' id='word_1_203' title='bbox 148 3438 296 3561; x_wconf 50' lang='lat' dir='ltr'><strong>ffelempur</strong></span> <span class='ocrx_word' id='word_1_204' title='bbox 308 3507 399 3548; x_wconf 79' lang='lat' dir='ltr'><strong>retes:</strong></span> <span class='ocrx_word' id='word_1_205' title='bbox 414 3499 447 3549; x_wconf 85' lang='lat' dir='ltr'><strong>de</strong></span> <span class='ocrx_word' id='word_1_206' title='bbox 457 3514 509 3564; x_wconf 91' lang='lat' dir='ltr'><strong>quo</strong></span> <span class='ocrx_word' id='word_1_207' title='bbox 519 3500 585 3550; x_wconf 80' lang='lat' dir='ltr'><strong>mire</strong></span> <span class='ocrx_word' id='word_1_208' title='bbox 597 3499 668 3549; x_wconf 82' lang='lat' dir='ltr'><strong>lnibl.</strong></span> <span class='ocrx_word' id='word_1_209' title='bbox 748 3503 782 3548; x_wconf 85' lang='lat' dir='ltr'><strong>ro</strong></span> <span class='ocrx_word' id='word_1_210' title='bbox 800 3498 967 3561; x_wconf 68' lang='lat' dir='ltr'><strong>Complataqu</strong></span> <span class='ocrx_word' id='word_1_211' title='bbox 976 3495 1064 3547; x_wconf 79' lang='lat' dir='ltr'><strong>erarius</strong></span> <span class='ocrx_word' id='word_1_212' title='bbox 1073 3494 1158 3560; x_wconf 70' lang='lat' dir='ltr'><strong>netto]</strong></span> <span class='ocrx_word' id='word_1_213' title='bbox 1180 3496 1244 3548; x_wconf 77' lang='lat' dir='ltr'><strong>vlt.</strong></span> 
     </span>
     <span class='ocr_line' id='line_1_32' title="bbox 177 3573 805 3639; baseline -0.005 -14"><span class='ocrx_word' id='word_1_214' title='bbox 177 3578 213 3625; x_wconf 72' lang='lat' dir='ltr'><strong>ta</strong></span> <span class='ocrx_word' id='word_1_215' title='bbox 231 3573 434 3638; x_wconf 74' lang='lat' dir='ltr'><strong>Otierleqeeetus]</strong></span> <span class='ocrx_word' id='word_1_216' title='bbox 451 3575 540 3625; x_wconf 81' lang='lat' dir='ltr'><strong>Mores</strong></span> <span class='ocrx_word' id='word_1_217' title='bbox 548 3584 678 3639; x_wconf 82' lang='lat' dir='ltr'><strong>nempeet</strong></span> <span class='ocrx_word' id='word_1_218' title='bbox 717 3588 737 3624; x_wconf 89' lang='lat'><strong>1.</strong></span> <span class='ocrx_word' id='word_1_219' title='bbox 747 3578 805 3624; x_wconf 75' lang='lat' dir='ltr'><strong>art.</strong></span> 
     </span>
     <span class='ocr_line' id='line_1_33' title="bbox 147 3649 1243 3714; baseline 0.001 -14"><span class='ocrx_word' id='word_1_220' title='bbox 147 3649 448 3714; x_wconf 76' lang='lat' dir='ltr'><strong>comperendinationes.</strong></span> <span class='ocrx_word' id='word_1_221' title='bbox 490 3649 558 3700; x_wconf 82' lang='lat' dir='ltr'><strong>Vide</strong></span> <span class='ocrx_word' id='word_1_222' title='bbox 592 3649 678 3700; x_wconf 81' lang='lat' dir='ltr'><strong>Caroli</strong></span> <span class='ocrx_word' id='word_1_223' title='bbox 748 3654 779 3700; x_wconf 75' lang='lat'><strong>81</strong></span> <span class='ocrx_word' id='word_1_224' title='bbox 801 3649 966 3713; x_wconf 75' lang='lat' dir='ltr'><strong>Ventripotm</strong></span> <span class='ocrx_word' id='word_1_225' title='bbox 979 3649 1046 3714; x_wconf 80' lang='lat' dir='ltr'><strong>poelt</strong></span> <span class='ocrx_word' id='word_1_226' title='bbox 1061 3649 1158 3713; x_wconf 74' lang='lat' dir='ltr'><strong>gestau]</strong></span> <span class='ocrx_word' id='word_1_227' title='bbox 1181 3656 1243 3701; x_wconf 77' lang='lat' dir='ltr'><strong>rer·</strong></span> 
     </span>
     <span class='ocr_line' id='line_1_34' title="bbox 149 3725 1245 3794; baseline 0.003 -21"><span class='ocrx_word' id='word_1_228' title='bbox 149 3725 280 3776; x_wconf 74' lang='lat' dir='ltr'><strong>Praetulit</strong></span> <span class='ocrx_word' id='word_1_229' title='bbox 291 3726 417 3786; x_wconf 67' lang='lat' dir='ltr'><strong>uenturo</strong></span> <span class='ocrx_word' id='word_1_230' title='bbox 430 3729 470 3776; x_wconf 74' lang='lat' dir='ltr'><strong>td·</strong></span> <span class='ocrx_word' id='word_1_231' title='bbox 486 3726 580 3789; x_wconf 78' lang='lat' dir='ltr'><strong>Papio·</strong></span> <span class='ocrx_word' id='word_1_232' title='bbox 593 3739 614 3775; x_wconf 91' lang='grc' dir='ltr'><strong>ι.</strong></span> <span class='ocrx_word' id='word_1_233' title='bbox 629 3726 680 3775; x_wconf 86' lang='lat' dir='ltr'><strong>‘ei·</strong></span> <span class='ocrx_word' id='word_1_234' title='bbox 718 3727 853 3794; x_wconf 55' lang='lat' dir='ltr'><strong>emmer.</strong></span> <span class='ocrx_word' id='word_1_235' title='bbox 871 3725 1043 3790; x_wconf 81' lang='lat' dir='ltr'><strong>ltePepluius</strong></span> <span class='ocrx_word' id='word_1_236' title='bbox 1052 3726 1154 3790; x_wconf 68' lang='lat' dir='ltr'><strong>nsylr.</strong></span> <span class='ocrx_word' id='word_1_237' title='bbox 1166 3726 1174 3754; x_wconf 92' lang='lat'>‘</span> <span class='ocrx_word' id='word_1_238' title='bbox 1184 3741 1245 3777; x_wconf 82' lang='lat' dir='ltr'><strong>ren·</strong></span> 
     </span>
     <span class='ocr_line' id='line_1_35' title="bbox 151 3799 1244 3869; baseline 0.004 -21"><span class='ocrx_word' id='word_1_239' title='bbox 151 3799 274 3864; x_wconf 65' lang='lat' dir='ltr'><strong>milesque</strong></span> <span class='ocrx_word' id='word_1_240' title='bbox 287 3801 373 3850; x_wconf 79' lang='lat' dir='ltr'><strong>Notor</strong></span> <span class='ocrx_word' id='word_1_241' title='bbox 380 3800 523 3865; x_wconf 80' lang='lat' dir='ltr'><strong>dequestus</strong></span> <span class='ocrx_word' id='word_1_242' title='bbox 529 3810 557 3852; x_wconf 87' lang='lat' dir='ltr'><strong>et</strong></span> <span class='ocrx_word' id='word_1_243' title='bbox 566 3800 680 3852; x_wconf 66' lang='lat' dir='ltr'><strong>imbres!</strong></span> <span class='ocrx_word' id='word_1_244' title='bbox 719 3802 843 3869; x_wconf 82' lang='lat' dir='ltr'><strong>triloqni,’</strong></span> <span class='ocrx_word' id='word_1_245' title='bbox 852 3800 1190 3866; x_wconf 67' lang='lat' dir='ltr'><strong>dnmppdtnmmlw,</strong></span> <span class='ocrx_word' id='word_1_246' title='bbox 1201 3814 1244 3853; x_wconf 78' lang='lat' dir='ltr'><strong>re-</strong></span> 
     </span>
     <span class='ocr_line' id='line_1_36' title="bbox 152 3875 1060 3943; baseline 0 -18"><span class='ocrx_word' id='word_1_247' title='bbox 152 3875 302 3927; x_wconf 73' lang='lat' dir='ltr'><strong>earnem</strong></span> <span class='ocrx_word' id='word_1_248' title='bbox 313 3890 334 3927; x_wconf 92' lang='grc' dir='ltr'><strong>ι.</strong></span> <span class='ocrx_word' id='word_1_249' title='bbox 351 3876 490 3943; x_wconf 78' lang='lat' dir='ltr'><strong>‘dequesti</strong></span> <span class='ocrx_word' id='word_1_250' title='bbox 499 3877 615 3929; x_wconf 74' lang='lat' dir='ltr'><strong>erudelis</strong></span> <span class='ocrx_word' id='word_1_251' title='bbox 626 3875 680 3930; x_wconf 80' lang='lat' dir='ltr'><strong>fer·</strong></span> <span class='ocrx_word' id='word_1_252' title='bbox 719 3895 749 3930; x_wconf 93' lang='lat' dir='ltr'><strong>ro</strong></span> <span class='ocrx_word' id='word_1_253' title='bbox 760 3894 812 3930; x_wconf 85' lang='lat' dir='ltr'><strong>non</strong></span> <span class='ocrx_word' id='word_1_254' title='bbox 821 3879 915 3929; x_wconf 82' lang='lat' dir='ltr'><strong>inseite</strong></span> <span class='ocrx_word' id='word_1_255' title='bbox 926 3877 1060 3927; x_wconf 73' lang='lat' dir='ltr'><strong>describit.</strong></span> 
     </span>
     <span class='ocr_line' id='line_1_37' title="bbox 152 3950 1245 4015; baseline 0.002 -14"><span class='ocrx_word' id='word_1_256' title='bbox 152 3953 315 4013; x_wconf 63' lang='lat' dir='ltr'><strong>taurensi!</strong></span> <span class='ocrx_word' id='word_1_257' title='bbox 675 3976 678 3983; x_wconf 56' lang='lat'>²</span> <span class='ocrx_word' id='word_1_258' title='bbox 752 3960 784 4006; x_wconf 65' lang='grc' dir='ltr'><strong>ει</strong></span> <span class='ocrx_word' id='word_1_259' title='bbox 802 3957 836 4005; x_wconf 79' lang='lat' dir='ltr'><strong>Et</strong></span> <span class='ocrx_word' id='word_1_260' title='bbox 853 3968 945 4005; x_wconf 72' lang='lat' dir='ltr'><strong>mm</strong></span> <span class='ocrx_word' id='word_1_261' title='bbox 959 3950 1148 4015; x_wconf 64' lang='lat' dir='ltr'><strong>ruminaret]</strong></span> <span class='ocrx_word' id='word_1_262' title='bbox 1163 3953 1245 4004; x_wconf 77' lang='lat' dir='ltr'><strong>listin&#39;</strong></span> 
     </span>
     <span class='ocr_line' id='line_1_38' title="bbox 185 4027 1246 4095; baseline 0.003 -19"><span class='ocrx_word' id='word_1_263' title='bbox 185 4031 218 4076; x_wconf 71' lang='grc'><strong>75</strong></span> <span class='ocrx_word' id='word_1_264' title='bbox 238 4027 680 4094; x_wconf 55' lang='grc' dir='ltr'><strong>ῐιῶιάιςιιὶιιῃιιιυιιιὸςιιιίιιοιιι-</strong></span> <span class='ocrx_word' id='word_1_265' title='bbox 720 4038 806 4093; x_wconf 83' lang='lat' dir='ltr'><strong>eante,</strong></span> <span class='ocrx_word' id='word_1_266' title='bbox 822 4044 869 4095; x_wconf 85' lang='lat' dir='ltr'><strong>pro</strong></span> <span class='ocrx_word' id='word_1_267' title='bbox 887 4030 937 4079; x_wconf 83' lang='lat' dir='ltr'><strong>leto</strong></span> <span class='ocrx_word' id='word_1_268' title='bbox 947 4027 1050 4093; x_wconf 81' lang='lat' dir='ltr'><strong>quidem</strong></span> <span class='ocrx_word' id='word_1_269' title='bbox 1067 4029 1179 4078; x_wconf 78' lang='lat' dir='ltr'><strong>recolo?</strong></span> <span class='ocrx_word' id='word_1_270' title='bbox 1196 4029 1246 4079; x_wconf 79' lang='lat' dir='ltr'><strong>ulei</strong></span> 
     </span>
     <span class='ocr_line' id='line_1_39' title="bbox 147 4102 1246 4170; baseline -0.004 -14"><span class='ocrx_word' id='word_1_271' title='bbox 147 4102 207 4168; x_wconf 76' lang='lat' dir='ltr'><strong>m]</strong></span> <span class='ocrx_word' id='word_1_272' title='bbox 217 4116 256 4153; x_wconf 79' lang='lat' dir='ltr'><strong>vr.</strong></span> <span class='ocrx_word' id='word_1_273' title='bbox 264 4106 319 4155; x_wconf 74' lang='grc'><strong>770.</strong></span> <span class='ocrx_word' id='word_1_274' title='bbox 329 4109 338 4136; x_wconf 80' lang='lat'>⁸</span> <span class='ocrx_word' id='word_1_275' title='bbox 348 4107 407 4156; x_wconf 80' lang='lat' dir='ltr'><strong>Feri</strong></span> <span class='ocrx_word' id='word_1_276' title='bbox 419 4105 542 4169; x_wconf 70' lang='lat' dir='ltr'><strong>ingreole</strong></span> <span class='ocrx_word' id='word_1_277' title='bbox 551 4107 656 4157; x_wconf 80' lang='lat' dir='ltr'><strong>timetur</strong></span> <span class='ocrx_word' id='word_1_278' title='bbox 666 4111 682 4158; x_wconf 75' lang='grc' dir='ltr'><strong>ι’</strong></span> <span class='ocrx_word' id='word_1_279' title='bbox 721 4120 768 4170; x_wconf 91' lang='lat' dir='ltr'><strong>per</strong></span> <span class='ocrx_word' id='word_1_280' title='bbox 778 4118 888 4168; x_wconf 80' lang='lat' dir='ltr'><strong>mensas,</strong></span> <span class='ocrx_word' id='word_1_281' title='bbox 901 4112 930 4153; x_wconf 87' lang='lat' dir='ltr'><strong>ut</strong></span> <span class='ocrx_word' id='word_1_282' title='bbox 942 4104 978 4153; x_wconf 80' lang='lat' dir='ltr'><strong>sit</strong></span> <span class='ocrx_word' id='word_1_283' title='bbox 990 4102 1119 4153; x_wconf 84' lang='lat' dir='ltr'><strong>Orid.1x.</strong></span> <span class='ocrx_word' id='word_1_284' title='bbox 1137 4104 1246 4154; x_wconf 78' lang='lat' dir='ltr'><strong>Metam.</strong></span> 
     </span>
     <span class='ocr_line' id='line_1_40' title="bbox 145 4177 1248 4247; baseline -0.004 -17"><span class='ocrx_word' id='word_1_285' title='bbox 145 4181 213 4247; x_wconf 80' lang='lat' dir='ltr'><strong>quie</strong></span> <span class='ocrx_word' id='word_1_286' title='bbox 229 4178 331 4246; x_wconf 70' lang='lat' dir='ltr'><strong>legatus</strong></span> <span class='ocrx_word' id='word_1_287' title='bbox 343 4191 428 4233; x_wconf 79' lang='lat' dir='ltr'><strong>toturn</strong></span> <span class='ocrx_word' id='word_1_288' title='bbox 446 4182 498 4231; x_wconf 84' lang='lat' dir='ltr'><strong>lter</strong></span> <span class='ocrx_word' id='word_1_289' title='bbox 512 4188 540 4230; x_wconf 89' lang='lat' dir='ltr'><strong>et</strong></span> <span class='ocrx_word' id='word_1_290' title='bbox 550 4180 681 4232; x_wconf 76' lang='lat' dir='ltr'><strong>admissio·</strong></span> <span class='ocrx_word' id='word_1_291' title='bbox 721 4180 825 4230; x_wconf 81' lang='lat' dir='ltr'><strong>‘lelieie</strong></span> <span class='ocrx_word' id='word_1_292' title='bbox 846 4194 921 4243; x_wconf 85' lang='lat' dir='ltr'><strong>poma</strong></span> <span class='ocrx_word' id='word_1_293' title='bbox 942 4177 1087 4242; x_wconf 82' lang='lat' dir='ltr'><strong>secrrnder,’</strong></span> <span class='ocrx_word' id='word_1_294' title='bbox 1106 4177 1248 4241; x_wconf 62' lang='lat' dir='ltr'><strong>eminere</strong></span> 
     </span>
     <span class='ocr_line' id='line_1_41' title="bbox 142 4252 1247 4323; baseline -0.008 -13"><span class='ocrx_word' id='word_1_295' title='bbox 142 4271 207 4310; x_wconf 81' lang='lat' dir='ltr'><strong>nem</strong></span> <span class='ocrx_word' id='word_1_296' title='bbox 228 4258 385 4323; x_wconf 74' lang='lat' dir='ltr'><strong>querebat:</strong></span> <span class='ocrx_word' id='word_1_297' title='bbox 411 4258 532 4309; x_wconf 74' lang='lat' dir='ltr'><strong>solebant</strong></span> <span class='ocrx_word' id='word_1_298' title='bbox 551 4256 578 4306; x_wconf 88' lang='lat' dir='ltr'><strong>id</strong></span> <span class='ocrx_word' id='word_1_299' title='bbox 595 4255 681 4307; x_wconf 77' lang='lat' dir='ltr'><strong>lacere</strong></span> <span class='ocrx_word' id='word_1_300' title='bbox 722 4264 749 4308; x_wconf 86' lang='lat' dir='ltr'><strong>et</strong></span> <span class='ocrx_word' id='word_1_301' title='bbox 759 4253 894 4317; x_wconf 59' lang='lat' dir='ltr'><strong>natm</strong></span> <span class='ocrx_word' id='word_1_302' title='bbox 903 4255 1042 4321; x_wconf 68' lang='lat' dir='ltr'><strong>intelligity</strong></span> <span class='ocrx_word' id='word_1_303' title='bbox 1065 4253 1133 4320; x_wconf 83' lang='lat' dir='ltr'><strong>quod</strong></span> <span class='ocrx_word' id='word_1_304' title='bbox 1147 4266 1198 4303; x_wconf 82' lang='lat' dir='ltr'><strong>nen</strong></span> <span class='ocrx_word' id='word_1_305' title='bbox 1210 4252 1247 4301; x_wconf 84' lang='lat' dir='ltr'><strong>ri·</strong></span> 
     </span>
    </p>
   </div>
   <div class='ocr_carea' id='block_1_5' title="bbox 0 0 1510 4916">
    <p class='ocr_par' dir='ltr' id='par_1_5' title="bbox 0 0 1510 4916">
     <span class='ocr_line' id='line_1_42' title="bbox 0 0 1510 4916; baseline 0 2"><span class='ocrx_word' id='word_1_306' title='bbox 0 0 1510 4916; x_wconf 95' lang='lat' dir='ltr'><strong> </strong></span> 
     </span>
    </p>
   </div>
  </div>
 </body>
</html>
