3034 4928
298 404 345 468 70
733 411 822 463 nun.
844 410 958 459 aruns
991 416 994 425 ’

300 568 416 631 Senec.
431 563 603 645 Agamem.
617 560 694 626 527.
707 558 808 650 Virg.
823 576 849 624 ι.
864 560 941 624 AEn.
954 561 1010 626 45.
1033 562 1134 627 Ovid.
1157 564 1192 627 in
1215 561 1304 640 Ibin,
1316 562 1400 629 339.

301 666 424 731 Horat.
441 680 482 728 ιι.
506 661 614 745 Epod.
630 662 682 724 14.
710 648 939 738 ΠηᾱόῦἰΙίιιε,
956 677 1038 726 xiv.
1053 663 1171 729 Punic.
1185 662 1262 728 480.

387 763 510 841 Qualis
523 762 667 838 Oilides,
682 761 805 829 fulmen
814 762 986 846 jaculante
1001 762 1153 829 Minerva

387 863 564 944 Surgentes
578 862 708 925 domuit
722 861 846 927 flnctus
861 863 1050 928 ardentibus
1064 864 1162 930 ulnis.

299 967 398 1032 Licet
410 962 621 1044 naufragium
636 970 787 1028 enatasse
802 983 878 1028 eum
893 960 983 1028 dicat
995 964 1151 1029 mmaeus·
1161 961 1303 1041 Iesus,
1321 980 1366 1029 ιι.

237 1118 243 1131 .
341 1066 445 1130 Ηιιιιο
461 1082 541 1127 vcro
563 1082 608 1127 ex
623 1064 778 1128 omnibus
792 1064 986 1129 Graecorum
1007 1064 1162 1142 ducibus,
1177 1064 1236 1148 qui
1256 1062 1399 1148 'l'rojam

302 1180 548 1251 oppugnavere,
577 1165 669 1248 apud
696 1165 823 1230 inferos
851 1165 993 1249 torqueri
1020 1171 1054 1229 et
1081 1165 1267 1238 excruciari
1292 1165 1400 1234 docet

300 1268 440 1333 Luciam.
456 1266 551 1331 Hist.
566 1264 680 1342 Verte,
696 1282 736 1332 ιι.

343 1368 496 1450 Denique
512 1366 632 1449 Ajabis
657 1366 759 1449 hujus
780 1369 886 1431 nostri
902 1368 1012 1449 imago
1036 1375 1092 1432 est
1114 1385 1160 1431 ex
1176 1368 1401 1434 locrensium

299 1467 522 1545 Numismate,
543 1466 634 1552 qnod
656 1468 833 1532 exhibetur
853 1469 897 1533 ab
923 1467 1015 1532 Hnb.
1037 1466 1186 1547 Goltzio,
1207 1468 1320 1536 Grac.
1340 1469 1398 1535 18.

299 1569 407 1652 qualis
429 1576 464 1633 at
483 1573 534 1633 est
560 1566 795 1653 Opuntiorum,
811 1570 905 1652 apud
924 1569 1096 1652 Begerum,
1109 1569 1270 1637 Thesaur.
1284 1572 1399 1638 Bran·

300 1667 375 1733 deb.
392 1685 417 1731 ι.
431 1670 506 1734 477.
522 1676 557 1734 et
569 1671 774 1736 nominatum
789 1670 973 1748 Goltzinm,
989 1670 1077 1767 Ταῦ.
1092 1670 1207 1736 citata.

622 1894 689 1960 VI.
734 1893 1079 1960 PHILOGTETES.

687 2006 767 2091 Lm.
784 2043 825 2090 ιι.
848 2026 938 2092 Gru.
953 2028 1008 2090 14.

296 2167 307 2196 ‘
324 2161 510 2228 Philocteta
525 2182 599 2228 cnm
614 2163 744 2247 paucis,
757 2162 807 2225 nti
821 2169 1001 2238 curaretur,
1018 2161 1053 2225 in
1067 2161 1208 2226 insulam
1225 2160 1399 2228 Lemwm

776 2263 936 2327 mittitur!

347 2379 624 2457 Puruoousrss,
650 2381 801 2445 Pseuutis
816 2380 916 2457 filius,
931 2380 1017 2444 inter
1030 2377 1242 2463 Argonautas
1258 2396 1396 2462 quoque
1495 2410 1498 2421 ⁴

297 2479 433 2543 minime
450 2478 619 2561 ignobilis.
641 2478 721 2543 Val-
737 2479 852 2543 Flacc.
866 2468 1046 2561 Argouar'rt.
1062 2495 1086 2542 ι.
1101 2480 1177 2551 391.

341 2578 393 2655 Ei,
409 2579 660 2654 comitissam
676 2579 763 2643 OEta
775 2585 887 2643 monte
903 2579 1161 2643 concremandus
1172 2585 1325 2643 arcomet
1339 2597 1398 2642 sa·

298 2678 398 2763 gittas
425 2678 565 2743 dederat
590 2677 776 2759 Hercules3
798 2678 871 2742 sine
896 2681 1017 2762 quibus
1044 2678 1182 2763 Trojam
1199 2696 1266 2743 nou
1289 2696 1396 2760 posse

297 2779 376 2863 capi
399 2779 539 2843 oracula
565 2779 810 2862 responderant.
860 2777 910 2843 At
935 2786 1171 2845 venenatarum
1199 2779 1397 2862 sagittarum

296 2896 365 2942 uua
378 2877 485 2962 ipsius
500 2877 620 2962 pedem
641 2878 727 2943 forte
743 2878 901 2943 decidens
917 2878 1093 2955 sauciavit,
1108 2876 1302 2961 Graecique,
1316 2895 1398 2942 cum

297 2998 358 3062 per
372 2978 520 3044 dolorem
543 2980 688 3044 vulneris
700 2981 857 3063 navigare
871 2998 936 3044 uon
951 2986 1081 3064 posset,
1095 2999 1171 3043 eum
1191 2979 1227 3043 in
1247 2979 1397 3043 insulam

297 3079 446 3145 Lemnon
461 3087 696 3165 exposuerunt
1395 3092 1398 3095 '

340 3180 545 3247 Philoctetes
572 3182 691 3267 itaqua
717 3183 865 3259 relictus,
892 3182 1037 3264 aucupio
1066 3181 1261 3263 sagittarum
1286 3178 1397 3245 vitam

296 3282 478 3348 miserrimc
493 3302 687 3367 propagare,
708 3302 956 3368 pennarumque
979 3274 1137 3347 contextu
1160 3300 1282 3362 corpus
1296 3280 1396 3343 obte-

295 3403 373 3465 gere
396 3392 430 3449 et
457 3385 566 3450 velare
596 3393 733 3451 coactus
760 3385 835 3450 suit.
879 3382 1075 3467 Sophocles,
1095 3382 1128 3445 in
1157 3380 1335 3444 Philoctet.
1359 3385 1397 3445 et

194 3540 199 3551 .
296 3481 450 3563 (omissis
463 3484 613 3561 Pindari,
626 3485 808 3566 Theocriti,
824 3484 1023 3551 Philostrati
1043 3482 1220 3567 plurimum
1236 3480 1396 3545 varianti·

295 3581 360 3644 hos
382 3583 643 3664 narrationibus)
664 3586 821 3666 Ovidius,
841 3585 975 3672 (videas
996 3590 1031 3648 et
1050 3599 1140 3647 xrrr.
1165 3580 1304 3647 Metam.
1321 3578 1398 3664 45.)

297 3695 334 3740 v.
346 3678 452 3743 mist.
466 3681 497 3743 l.
519 3679 602 3761 eleg.
613 3685 645 3745 b.

426 3779 506 3843 Hoc
521 3788 593 3846 erat
608 3783 642 3845 iu
657 3783 766 3867 gelido
781 3805 885 3867 quare
896 3782 1071 3852 Pasantius
1087 3792 1184 3849 antro

468 3879 564 3946 Voce
579 3880 735 3967 fatigaret
748 3886 886 3951 Lemnia
902 3905 988 3951 saxa
1003 3905 1076 3951 sna.

338 3977 546 4049 Philoctetes
558 3994 670 4051 autem
686 3995 813 4064 noster,
828 3988 950 4051 sedens
964 3995 1011 4064 et,
1027 3987 1076 4051 uti
1087 3984 1227 4061 ridetur,
1242 4002 1396 4068 conque-

294 4098 379 4148 rens.
396 4080 526 4158 Liceto,
541 4085 642 4152 immo
656 4086 760 4155 etiam
774 4088 959 4163 Gronovio,
974 4085 1225 4169 Dactyliothec.
1252 4100 1293 4148 rr·
1316 4086 1399 4153 1188

295 4168 393 4239 Gom.
407 4179 458 4240 est
472 4177 568 4242 miles
582 4184 771 4263 sagittarius
798 4188 905 4250 atroci
919 4187 1012 4251 helio
1027 4190 1216 4270 superstes,
1228 4185 1342 4251 nudus
1357 4196 1396 4253 at
