3006 4906
416 418 464 467 os
487 417 614 468 sxcro.
636 418 763 468 suess
785 420 933 471 usuros.
1150 411 1215 477 811

121 595 214 658 gum,
236 576 432 660 sapientem,
459 575 570 640 animo
593 593 760 657 maguum,
784 575 954 642 blandum.
1007 579 1214 647 Podalirium

125 694 286 747 crassum,
301 676 481 751 valentem,
497 679 689 760 superbum,
704 678 841 742 tristem.
886 678 1105 745 Machaonem
1120 702 1214 765 mag-

127 794 219 855 num,
234 778 361 855 fortem,
376 785 514 855 certum,
529 780 731 861 prudentem,
747 781 940 863 patientem,
953 782 1212 848 misericordam.

128 877 311 943 Merionem
329 878 451 958 mium,
464 881 623 945 mediocri
638 889 779 959 stature,
798 900 937 964 corpore
958 881 1107 959 rotundo,
1126 885 1214 949 riso·

126 999 211 1057 snm,
225 982 439 1063 pertinacem,
454 980 632 1057 crudelem,
644 982 879 1064 impatientem.
923 981 1134 1047 Briseidamt
1148 983 1213 1049 ior·

96 1116 99 1119 ·
126 1100 261 1155 mosam
284 1082 353 1146 alta
371 1090 509 1158 statura,
527 1081 715 1161 candidam,
738 1085 862 1166 capillo
879 1084 968 1148 davo
983 1090 1018 1148 et
1031 1083 1136 1161 molli,
1156 1105 1211 1150 su·

124 1184 272 1268 porciliis
282 1184 422 1266 junctis,
435 1186 545 1249 oculis
559 1187 722 1262 venustis,
737 1205 878 1269 corpore
893 1185 1029 1269 aeqnali,
1040 1185 1210 1264 blandam,

122 1283 303 1361 silehilem,
315 1285 545 1363 verecundam,
556 1287 668 1350 auimo
678 1286 834 1368 simplici,
847 1288 946 1370 piam.
982 1285 1067 1369 [ld]
1080 1286 1214 1351 Deinde

125 1385 234 1448 ornati
250 1403 326 1447 oum
338 1382 466 1448 classoh
481 1384 756 1451 Graeei'Atheoos
771 1394 998 1453 convenerunt.
1035 1387 1212 1471 Agamem·

126 1502 193 1547 non
216 1502 259 1547 ex
286 1483 438 1567 Mycenis
461 1486 601 1550 navibus
625 1506 757 1553 numero
779 1494 923 1552 centum.
968 1486 1141 1552 Menelaus
1165 1507 1210 1552 ex

123 1586 247 1668 Sparta
266 1591 405 1654 navibus
426 1608 561 1653 numero
583 1593 766 1672 sexaginte,
811 1590 1005 1656 Arcesilaus
1021 1595 1054 1653 et
1069 1590 1210 1656 Prothe-

120 1688 199 1753 nor'
227 1709 273 1754 ex
296 1691 431 1756 Emotis
457 1690 706 1774 quinquaginta.
751 1690 965 1775 Ascalaphus
986 1698 1020 1756 et
1041 1689 1210 1758 Ialmenus

122 1810 166 1853 ex
188 1791 396 1856 Orchomeno
418 1793 560 1857 neribus
581 1810 718 1854 numero
741 1791 884 1871 triginta.
929 1791 1154 1873 Epistrophus
1175 1800 1210 1856 et

122 1891 288 1955 Schedius
302 1912 345 1956 cx
360 1892 503 1958 Phocide
522 1893 749 1978 quadraginta.
793 1890 886 1974 Ajax
901 1890 1140 1957 Telamonius*
1165 1911 1209 1955 ex

124 1990 294 2057 Salamina
308 1993 448 2059 adduxit
461 2015 572 2060 mcum
588 1995 753 2060 Teucrum
776 1993 925 2058 fratrem:
948 1991 1054 2069 Elide,
1068 1992 1209 2076 Amphi-

123 2093 291 2170 maehum,
306 2095 455 2174 Diorem,
469 2096 660 2180 Thalpinm,
676 2096 895 2180 Polyxenam,
908 2095 1053 2158 navibus
1068 2094 1210 2177 quadra·

118 2196 220 2277 ginta
265 2195 389 2262 Nestor
404 2219 448 2263 ex
465 2200 550 2282 Pylo
564 2200 706 2263 navibus
724 2193 859 2261 mxx-¹
890 2196 1005 2260 Thoas
1020 2214 1064 2259 ex
1079 2194 1208 2258 AEtolia

118 2297 264 2361 navibus
284 2314 349 2362 xe.
398 2299 491 2383 Ajax
513 2298 632 2364 Oileus
653 2317 697 2362 ex
720 2297 836 2362 Locris
861 2297 1002 2361 ossibus
1027 2302 1207 2359 ulmis.m

119 2394 298 2481 Antiphus,
341 2400 533 2485 Phidippus
561 2401 682 2467 xxxi
741 2399 943 2464 Idomeneus
973 2405 1009 2461 et
1037 2396 1207 2461 Meriones

118 2516 165 2561 ex
185 2497 280 2564 Creta
296 2501 439 2566 navibus
455 2518 600 2589 cxxx..
627 2500 767 2585 Ulysses
781 2519 824 2565 ex
848 2500 967 2565 Ithaca
988 2500 1129 2564 naribus
1146 2518 1208 2563 uu·

119 2620 213 2666 meso
229 2618 302 2668 xil.
348 2602 509 2669 Eumelus
534 2612 578 2670 ex'
603 2604 722 2669 Pheris
743 2603 884 2667 navibus
900 2611 957 2666 κθ
1000 2602 1206 2667 Protesilaus

115 2709 148 2766 et
165 2702 340 2768 Podarces
358 2723 402 2767 ex
422 2704 574 2787 Phylace
594 2705 737 2769 navibus
758 2720 823 2767 xu.
879 2703 1070 2769 Podalirius
1084 2710 1117 2768 et
1131 2702 1207 2768 Ma-

115 2803 225 2870 chaon
242 2805 430 2889 AEscnlapii
450 2805 512 2870 filii
532 2827 574 2872 ex
595 2806 696 2870 Trica
709 2808 848 2871 navibus
865 2812 1012 2871 xxxl1.⁰
1053 2803 1206 2870 Achilles

114 2926 189 2971 curu
229 2905 392 2971 Patroclo
421 2915 456 2973 et
485 2908 751 2991 Myrmidonibus
781 2928 824 2971 ex
855 2907 977 2972 Phthia
1003 2907 1145 2970 navibus
1173 2922 1206 2968 n.

114 3005 336 3092 Tlepolemus
348 3028 393 3072 ex
409 3008 533 3074 Rhodo
547 3010 687 3073 navibus
704 3018 775 3074 ιω)
818 3009 1008 3094 Eurypylus
1021 3027 1065 3073 ex
1081 3007 1205 3070 Orcho·

144 3228 157 3278 t
176 3221 278 3270 lisdem
289 3221 470 3272 tenniostioue
483 3223 564 3271 utilsrr
575 3231 602 3272 et
615 3223 712 3287 Mygin.
725 3223 835 3287 Mythol.
846 3221 899 3271 ish.
911 3234 967 3270 cvr.
985 3218 1017 3267 ad
1029 3229 1105 3282 quem
1122 3215 1205 3265 lecum

109 3286 169 3335 huc
180 3285 242 3348 ipss
253 3285 329 3334 rerhs
339 3286 446 3336 Duretie
456 3287 522 3337 citst
533 3287 715 3352 Mencken-fl
732 3287 825 3349 Delph.
836 3284 935 3334 noune
947 3282 1040 3334 XXX.

142 3491 155 3526 ⁵
170 3492 642 3559 Onsliessselssss18icsuprs‚‘cum
683 3500 741 3544 tuor
751 3491 842 3556 reliqui
853 3490 932 3541 duces
947 3503 1033 3540 secum
1050 3500 1128 3538 usses
1145 3503 1207 3553 qus·

106 3569 270 3621 exercitibus
281 3578 309 3618 et
320 3569 445 3619 clssslhus
456 3569 557 3621 crusti!
575 3570 642 3620 Vide
682 3569 809 3631 drssiuts.

106 3646 143 3696 ihi
154 3653 259 3695 nutsts.
712 3642 720 3678 ¹
748 3642 856 3694 Nscidss
877 3639 1002 3703 LXXX-1
1030 3639 1157 3692 Homerus
1179 3647 1207 3692 et

139 3720 148 3753 ¹
161 3721 304 3771 Arcesilaus
314 3724 338 3769 el
349 3719 495 3782 Prothessr]
515 3721 579 3773 Cum
592 3720 642 3771 Pe·
682 3727 777 3790 Dictys
788 3722 936 3787 nonsgluts.

104 3796 293 3851 uelemlaeitc,
313 3803 341 3847 et
355 3796 454 3848 Cluuio.
486 3798 530 3848 its
547 3798 642 3849 flome-
714 3809 731 3836 ¹·
750 3799 856 3851 Nauibus
867 3794 1030 3859 mm]
1044 3793 1208 3846 Homeruset

105 3885 168 3929 sus,
181 3877 210 3919 et
221 3885 253 3919 ex
264 3885 297 3921 ee
309 3873 412 3936 Dictys.
682 3877 776 3940 Dictys
786 3874 967 3940 qusdrsyiuts.

141 3944 244 4008 *Aias
254 3947 410 4011 Teis-osius]
438 3947 494 3997 Non
511 3949 642 3999 videocnr
712 3961 725 3988 ³
742 3952 851 4003 Nauibus
862 3950 910 4013 ld]
931 3945 1207 3999 haeribannum·

100 4025 152 4076 hic
177 4022 255 4072 diest
279 4025 395 4087 Apesas,
417 4023 640 4087 Amphimachum,
680 4045 724 4079 rus
735 4039 762 4079 et
772 4029 873 4091 Dictys.
1191 4070 1195 4077 ,

100 4102 237 4158 Dioresu,
265 4097 396 4163 Thalpiom
427 4106 455 4148 et
481 4098 641 4164 Polyxenam
713 4114 725 4138 ⁰
742 4105 850 4154 Naeidss
860 4096 998 4159 xxxa]
1025 4098 1207 4163 Trigiulslsn·

95 4187 196 4229 secun
216 4172 318 4224 duxisse
333 4191 392 4225 cunr
410 4175 519 4224 nsrihus
534 4176 643 4239 qrsadrs·
683 4190 736 4234 tum
751 4188 849 4243 penum
860 4177 966 4229 Homer.
979 4184 1006 4226 et
1019 4176 1122 4240 uicus.

97 4254 189 4316 ginss.
225 4250 396 4301 Esflornero
412 4251 480 4300 enisu
493 4248 559 4312 hjsx
569 4251 642 4302 Tels-
714 4253 929 4318 inlusionem]
951 4253 1004 4304 Alii
1020 4257 1080 4303 ceto.
1100 4250 1206 4303 Homer.

95 4331 209 4380 monins
217 4341 297 4377 asses
306 4326 382 4377 duxit
391 4325 537 4389 duodecim,
546 4334 572 4375 st
582 4343 643 4392 qius·
683 4342 710 4385 et
722 4334 826 4398 Dictys.
