3006 4906
558 420 766 472 arssaorx.
1150 414 1215 479 347

118 574 282 643 reserens?
328 570 398 638 L'bi
422 571 561 637 ridicule
581 572 751 658 Josephus
771 573 1028 661 Bardoscaliger
1042 586 1214 664 postrema

121 679 189 743 tria
202 678 304 744 verba
318 673 444 740 Lucilii
463 691 540 739 esse
557 673 709 753 credidit,
729 693 806 758 qnoe
822 674 967 741 Charisii
983 697 1068 759 esse,
1081 699 1126 745 ex
1142 681 1213 747 Do·

120 779 190 844 nati
205 778 316 843 verbis
339 775 470 840 discere
488 780 630 859 poterat.
674 776 835 859 Hyginus
855 777 922 841 fab.
941 780 1017 844 274.
1041 781 1117 848 ‘Ne
1136 785 1212 867 quis

119 900 236 947 vastus
250 886 353 944 anem
368 875 569 943 medicinam
584 876 749 943 disceret!
794 877 950 945 Plinius:
966 880 1212 968 ‘Hippocrates

122 982 326 1047 clarissimos
348 977 525 1044 modoine
549 977 723 1044 scientim!
765 978 918 1046 Celerum
933 979 1043 1047 Varro
1065 983 1099 1047 in
1112 1003 1153 1048 eo
1165 985 1211 1049 nil
1272 984 1276 991 ’

122 1090 245 1166 preter
263 1082 395 1147 solitum
409 1084 558 1162 nugatur,
581 1098 658 1144 cum
674 1078 838 1145 medicum
856 1099 878 1146 a
892 1081 1057 1149 medicina
1069 1088 1106 1148 et
1118 1092 1212 1151 suto·

122 1203 189 1249 rem
203 1203 227 1248 a
240 1183 366 1250 sutrina
379 1181 561 1246 derivatum
576 1180 728 1259 affirmat,
743 1200 819 1246 cnm
833 1201 896 1248 nec
916 1185 1011 1267 pueri
1030 1183 1104 1268 jam
1117 1186 1212 1267 igno·

121 1291 201 1364 rent,
229 1285 364 1349 nomina
390 1282 426 1347 io
448 1281 518 1345 inus
542 1283 701 1349 exeuntia
724 1284 768 1349 all
791 1303 833 1350 eo
856 1284 1043 1369 primigenii
1067 1287 1211 1352 nominis

124 1405 217 1465 casu,
231 1387 287 1468 qni
300 1384 400 1450 oadal
412 1384 447 1449 in
461 1383 485 1461 i,
497 1384 638 1451 formala
650 1404 733 1451 esse.
770 1385 892 1471 Iraque
907 1405 984 1452 cum
996 1407 1019 1452 a
1031 1387 1211 1472 participio

122 1488 260 1570 passivo
275 1493 373 1551 sulus
389 1484 513 1551 sactum
535 1486 657 1552 fnisset
673 1492 778 1565 sutor,
801 1488 844 1552 ab
860 1487 961 1573 hujus
976 1493 1095 1572 postea
1110 1491 1210 1555 tertio

122 1607 200 1653 casu
214 1588 317 1653 sutori
337 1586 524 1672 profectum
538 1591 591 1652 est
606 1588 784 1667 antoninus,
806 1597 841 1652 et
859 1608 917 1672 per
930 1608 1098 1674 syncopen
1111 1593 1210 1655 sutri·

122 1707 196 1766 nus,
211 1688 439 1772 similiterque,
454 1707 475 1752 a
490 1689 594 1752 verbo
612 1688 723 1772 pinso,
741 1687 881 1773 (priscis
903 1690 993 1772 piso,
1016 1697 1100 1755 teste
1123 1690 1209 1756 Dio·

121 1789 228 1867 mede,
238 1810 261 1855 a
274 1788 385 1854 Graec.
394 1787 537 1875 mirem)
550 1790 731 1873 participio
745 1790 865 1873 pistus,
879 1789 1003 1855 factum
1013 1789 1078 1856 fuit
1088 1790 1207 1874 pistor,

121 1894 155 1954 et
167 1908 189 1953 a
208 1889 334 1974 pistori,
348 1892 527 1974 pistoriuus
541 1896 576 1957 et
592 1878 768 1975 pistrinum
786 1910 808 1955 a
823 1891 960 1966 laxiori,
975 1892 1163 1956 textorinus
1174 1902 1208 1958 et

123 1991 297 2070 textrinum
310 1991 643 2070 amedicus,madici,
653 1990 858 2072 medicinus;
874 1991 1021 2077 apiscis,
1031 1991 1129 2074 pisci,
1139 1994 1208 2077 pis·

121 2091 239 2172 cinns3
255 2110 275 2157 a
289 2111 358 2171 rex,
372 2094 453 2177 regi,
467 2093 619 2177 reginus3
634 2113 657 2158 a
671 2094 736 2171 sal,
751 2094 828 2171 sali,
843 2094 978 2159 salinus.
1007 2093 1050 2158 ln
1065 2092 1207 2158 salinum

120 2210 200 2276 ergo
212 2193 428 2260 subaudimus
447 2213 522 2273 aas,
540 2194 577 2258 in
594 2193 724 2273 sdinoe,
739 2196 795 2259 vel
816 2196 979 2273 abemae,
993 2194 1046 2259 vel
1070 2192 1206 2272 fodinae,

119 2293 154 2356 ln
168 2296 311 2378 piscina,
320 2314 420 2379 aqua.
446 2294 481 2359 N
484 2314 537 2359 am
546 2292 583 2359 ol
596 2295 759 2379 ‘petimen
772 2292 953 2378 piscinum'
968 2291 1109 2367 valns
1124 2299 1206 2359 leste

119 2392 222 2459 Festo
247 2393 345 2460 dixit.
390 2393 432 2459 In
460 2393 577 2477 regina
601 2393 801 2460 subauditur
825 2395 975 2472 foemina,
998 2390 1080 2472 filia,
1109 2412 1207 2459 uxor.

121 2494 291 2562 Charisius
301 2490 315 2561 τ’
337 2491 492 2578 ‘Regina
505 2494 598 2559 nullo
611 2493 714 2560 modo
727 2495 954 2578 recipiendum
968 2494 1033 2560 nisi
1045 2495 1206 2580 recipere·

120 2615 195 2662 mus
212 2592 424 2681 el‘reginumss
468 2597 589 2681 ltaque
610 2593 774 2678 Virgilius
796 2597 895 2662 Iliam
914 2603 1017 2663 vocat
1030 2596 1207 2681 Reginam,

118 2716 293 2763 necsecus
315 2696 510 2775 Ariadnam,
531 2696 623 2781 quod
636 2694 716 2761 lilim
730 2703 842 2764 essent
855 2699 967 2781 regim.
1010 2697 1056 2764 Et
1068 2698 1205 2766 Servius

116 2796 149 2865 in'
173 2796 329 2865 lllo'AEn'·
345 2816 371 2866 1.
392 2797 519 2877 ‘Quod
537 2797 734 2879 romulum
750 2796 977 2866 Monstraral’
1021 2799 1131 2885 Regia
1154 2802 1206 2867 iu·

116 2908 327 2985 terpretatur,
350 2899 472 2982 regino,
487 2916 606 2982 nempe
624 2904 663 2965 ul
682 2918 705 2963 a
718 2899 778 2963 lox
791 2906 842 2965 est
855 2900 981 2967 Lucius
994 2908 1030 2967 ot
1044 2901 1204 2981 Lucinus,

115 3003 200 3068 uude
222 3001 316 3067 Jnno
339 3001 480 3077 Lucina,
502 2998 553 3063 sic
567 3017 590 3062 a
609 3017 683 3076 rex,
697 2998 805 3082 regins
819 3007 854 3065 el
867 3003 1006 3085 reginus.
1049 3000 1159 3067 Elium
1184 3023 1206 3067 a

116 3108 229 3171 tamus
250 3102 334 3168 exiit
347 3109 483 3166 taumus
497 3106 530 3165 et
543 3099 706 3164 annuns.
752 3099 842 3164 Nam
857 3105 891 3166 ol
905 3103 955 3168 ait
968 3101 1113 3177 Plinius,
1123 3099 1205 3163 refe·

114 3214 210 3270 rante
224 3203 339 3270 Servio
355 3205 390 3268 in
410 3201 488 3268 AEn.
514 3217 568 3265 rx.
580 3201 606 3236 '‘
618 3199 840 3266 derivationes
857 3219 925 3265 nou
948 3201 1072 3268 habent
1092 3199 1205 3265 firmus

115 3304 265 3389 mulas,
274 3304 331 3370 sod
343 3292 468 3369 exeunt
481 3310 581 3385 prout
594 3301 786 3369 auctoribus
801 3300 932 3384 placet?
