3034 4928
550 366 672 419 sorus
693 366 843 425 nautor.
1217 356 1262 423 71

142 542 318 606 pauper:
341 528 379 586 at
407 521 549 603 Begero,
574 521 722 586 'l'roicor-
752 521 806 586 40.
836 520 970 587 Hector.
1013 521 1154 588 Scilicet
1176 524 1259 607 quia

131 625 300 689 ‘Hector
327 623 484 706 depictus
504 622 636 700 sedem,
663 622 757 706 apud
774 621 992 701 Pausaniam,
1006 623 1041 687 ih
1062 623 1201 690 Phocic.
1223 633 1259 689 et

148 732 308 808 unaque
323 742 423 787 manu
437 723 563 788 levum
576 740 664 805 genu
678 740 833 805 premens
847 742 857 787 z
880 721 967 786 tristi
981 721 1155 788 admodum
1169 724 1258 791 socie

147 830 193 889 et
206 824 344 903 lugubri
358 821 489 891 babitu.
533 822 586 887 Sit
600 823 674 901 tibi,
687 822 873 887 Pausaniae
889 823 1098 901 auctoritate,
1115 823 1257 904 Hector,

148 923 300 1004 Βεςοιο,
315 927 457 1005 propter
478 942 591 987 arcum
607 930 642 987 at
667 923 853 1005 pharetram
866 921 1042 1008 (Herculis
1057 924 1137 988 olim
1150 923 1259 1009 mma)

149 1022 244 1087 mibi
258 1029 351 1087 certe
366 1021 596 1087 Philoctetes:
617 1041 717 1107 quem
739 1041 876 1106 quoque
901 1022 1022 1089 eadem
1041 1023 1130 1090 facie
1152 1044 1257 1108 nuper

149 1124 377 1203 exhibebam,
395 1122 868 1207 Pictur.1oquent28.Tab
1245 1120 1250 1129 ’

387 1438 657 1516 TABULA
708 1438 1031 1519 SECUNDA.

544 1696 630 1763 vlt.
675 1693 885 1764 EUROPA.
974 1640 979 1651 ⁹

571 1863 650 1929 Iun.
667 1881 693 1928 ι.
715 1862 804 1930 Gur.
817 1865 852 1931 2.

210 2035 224 2091 5
239 2031 367 2097 Omnes
381 2053 424 2098 ex
440 2034 569 2115 origine
583 2032 743 2117 Europe,
758 2053 835 2116 quoe
849 2035 885 2098 in
899 2053 944 2099 ea
957 2032 1067 2099 insule
1083 2052 1213 2099 mmma

549 2134 709 2217 religiono
723 2133 866 2199 colitur?

210 2263 390 2342 Eunoen,
410 2264 575 2347 Agenoris
595 2265 691 2350 Tyrii
706 2265 799 2343 fiiiee,
815 2263 937 2328 aione
949 2268 1057 2347 rapta
1072 2270 1107 2327 et
1119 2264 1155 2329 in
1177 2263 1257 2330 Cre·

168 2370 246 2426 tam
260 2362 399 2428 insulam
414 2365 547 2444 delate,
560 2384 605 2430 ex
621 2363 725 2429 ovid.
738 2381 781 2430 ιι.
796 2363 936 2428 Metam.
955 2362 1032 2429 875.
1051 2369 1084 2429 et
1107 2380 1141 2428 v.
1163 2363 1256 2430 Fast.

73 2504 76 2513 ·
161 2461 243 2527 605.
263 2482 392 2529 necnon
404 2464 560 2544 Horatio,
576 2481 630 2529 ιιι.
647 2464 713 2529 Od.
726 2464 781 2531 27.
797 2464 1049 2530 mantissimas.

208 2562 300 2629 Haec
313 2573 421 2630 autem
434 2566 529 2631 iacta
542 2565 776 2649 pulcherrima,
789 2570 969 2650 postquam
990 2566 1101 2649 puelia
1113 2562 1256 2648 Augeio,

157 2663 264 2731 Jovis
287 2672 322 2729 ot
343 2665 489 2732 Iunonis
511 2666 595 2744 iiiia,
624 2667 826 2751 pigmentum
850 2665 945 2731 matri
966 2672 1152 2749 numentum
1177 2666 1256 2733 huic

160 2765 356 2831 obtulisset.
400 2767 621 2846 scholiastes,
638 2768 682 2832 od
696 2766 838 2832 Theocr.
855 2783 895 2832 ιι.
909 2765 1009 2850 Idyil.
1024 2767 1076 2831 12.

205 2866 259 2932 Ea
274 2868 493 2951 postmodum
508 2869 717 2933 Sidoniorum
730 2868 818 2948 deo3
840 2867 934 2932 coitu
949 2868 1038 2932 iiiios
1052 2867 1208 2933 instituto
1222 2869 1257 2933 io

159 2969 323 3035 solatium
339 2967 515 3052 Agenoris,
528 2976 608 3053 post
620 2970 722 3035 tiliam
736 2988 758 3034 a
773 2969 926 3034 Cretensi
939 2967 1082 3051 quodum
1098 2967 1255 3052 predone

159 3077 305 3154 raptam.
341 3070 400 3135 Ita
413 3070 594 3148 Lucienus,
610 3069 651 3135 de
667 3070 744 3134 Dee
758 3071 868 3154 Syria.

207 3169 312 3254 Apud
327 3171 519 3236 Corinthios
541 3178 662 3249 tameo,
676 3193 736 3256 per
754 3171 950 3237 Eiiotiorom
971 3170 1068 3247 festa,
1082 3169 1258 3251 iupompa

161 3270 311 3354 Europae
324 3271 638 3337 circumferebantur
652 3292 744 3338 osse.
786 3270 984 3349 Athenaeus,
996 3287 1062 3333 xv.
1074 3270 1108 3332 6.

210 3371 348 3436 Interim
370 3372 444 3456 ejus
466 3379 589 3450 vector,
613 3380 731 3439 taurus
753 3372 848 3458 (aliis
869 3370 967 3435 nevis
982 3377 1047 3446 est,
1067 3376 1200 3434 taumm
1221 3366 1257 3431 iu

163 3489 286 3555 puppe
314 3472 440 3552 pictum
467 3473 662 3553 ostendeus,
687 3479 723 3539 et
748 3491 816 3537 non
840 3466 982 3555 animai)
1000 3471 1086 3536 inter
1113 3466 1256 3534 Zodiaci

163 3571 349 3636 duodecim
373 3573 469 3654 sigua
493 3574 652 3640 coelestie
678 3575 815 3640 reietus.
872 3572 1039 3655 Hyginus,
1064 3569 1255 3635 Astrouom.

163 3672 264 3739 Post.
281 3688 323 3735 ιι.
345 3671 400 3736 21.
424 3674 564 3753 Seneca,
590 3675 697 3740 Herc.
725 3675 804 3740 Fur.
825 3676 858 3743 3.
881 3673 1056 3749 Manilius,
1081 3688 1106 3736 ι.
1139 3666 1257 3741 nstro·

161 3793 251 3839 nom.

208 3871 386 3957 Europam,
400 3894 421 3939 e
442 3874 654 3942 Sidoniorum
670 3877 881 3973 Numismete
902 3873 1036 3959 (inquo
1051 3873 1175 3961 legunt,
1190 3872 1257 3938 Co·

159 3974 256 4040 ionia
282 3974 423 4039 Aurelia
448 3975 514 4041 Pia
538 3976 740 4061 Metropolis
767 3974 893 4057 Sidon)
914 3972 1067 4057 depinxit
1089 3970 1256 4047 Veilieut,
1322 4032 1330 4039 .

158 4071 280 4138 Goion.
297 4072 338 4138 ir.
355 4074 430 4137 104.
