3034 4928
308 403 352 468 m
573 418 653 466 eso.
678 415 869 465 ennrzonu
895 413 1140 465 nrsssnrsrro

309 562 351 626 de
376 556 525 625 ‘AEthru'
547 560 669 623 comite
696 557 846 634 Helenes,
862 575 939 639 qum
962 556 1057 621 suerit
1077 563 1181 622 meter
1205 557 1342 634 Thesei,
1363 567 1399 624 et
1505 580 1506 583 ¹

309 680 387 745 qum
403 660 478 725 ideo
493 658 748 742 Demophoonti
762 657 886 721 Thesei
903 657 941 719 F.
953 662 1050 720 extre
1059 656 1206 722 ordinem
1216 660 1399 740 assignate,
1505 650 1506 693 l

311 778 361 826 ιν.
376 760 431 826 13.
449 760 581 825 redierit
600 767 677 842 post
692 768 828 842 neptem
847 757 984 841 Trojom
1000 757 1163 835 Athones,
1178 759 1268 841 quod
1282 779 1304 823 e
1319 779 1397 827 vero
1505 764 1506 773 ’

174 848 178 857 ’
309 869 359 927 est
373 862 623 936 alienissimum,
634 870 669 924 et
680 859 754 924 ideo
764 859 836 942 jum
851 858 894 922 eh
909 859 995 939 ipsis
1004 857 1184 922 Veteribus
1199 859 1396 941 explosum:

306 961 349 1026 de
361 966 371 995 ‘
383 961 520 1026 Castore
534 965 567 1024 et
593 960 750 1036 Polluce,'
773 959 914 1024 Heleno
935 957 1105 1036 iratribus,
1127 960 1236 1023 adhuc
1255 960 1398 1024 virenti·

309 1062 373 1126 hus
387 1069 539 1127 extremo
551 1058 628 1126 helli
642 1060 780 1144 TmJuni
795 1077 895 1135 enno,
912 1074 966 1124 ιιι.
979 1058 1032 1123 25.
1049 1059 1093 1123 do
1118 1058 1299 1125 Memnone
1323 1060 1397 1123 ‘Ti-

307 1162 403 1229 thoni
420 1172 523 1246 ntque
545 1159 705 1238 Anroroe‚'
726 1180 798 1238 seu,
812 1169 853 1224 nt
874 1161 924 1224 eit
939 1176 990 1223 vr.
1016 1162 1069 1224 10.
1093 1160 1292 1224 ‘Hemerm’
1314 1160 1398 1237 tilio,

306 1265 365 1349 qui
381 1268 392 1300 ‘
400 1284 475 1330 eum
490 1262 922 1345 IndisetqoeAEthiopihus
935 1263 978 1325 eb
992 1262 1086 1345 jugis
1101 1262 1246 1327 Caucasi
1257 1262 1398 1327 montis'

306 1364 445 1448 ‘l'rojnrn
469 1365 608 1442 venerit,
625 1380 677 1429 ιν.
692 1369 722 1428 t.
766 1363 853 1428 'l'um
872 1364 961 1446 quod
985 1364 1024 1428 lo
1044 1363 1127 1428 dicit
1148 1368 1214 1426 ‘ex
1239 1363 1397 1428 Sidonio-

307 1483 380 1529 rnm
394 1464 545 1547 regione*
567 1471 697 1548 reptem
711 1466 754 1528 oh
765 1466 900 1547 Argivis
915 1482 954 1528 ιι.
975 1465 1028 1529 26.
1043 1467 1131 1547 quod
1147 1484 1193 1530 ex
1206 1464 1395 1541 Herodoto,

306 1583 404 1647 quern
420 1565 480 1629 lib.
493 1580 517 1629 1.
532 1566 612 1649 ipso
626 1566 662 1629 in
676 1565 773 1628 initio
790 1565 907 1630 videns
923 1566 1034 1643 velim,
1049 1572 1083 1632 et
1103 1585 1177 1630 eum
1192 1573 1302 1631 nostro
1317 1586 1397 1631 oon·

305 1664 404 1743 teres,
419 1667 577 1731 oberrans
592 1666 696 1730 nostri
712 1665 861 1730 auctoris
882 1668 1043 1730 memorio
1061 1666 1192 1730 videtur
1216 1667 1396 1731 sumsisse:

304 1767 450 1850 denique
464 1767 555 1851 quod
569 1767 753 1849 Telephum
767 1769 849 1831 socit
862 1767 990 1848 Regem
1005 1767 1181 1833 ‘Moesiae'
1195 1771 1230 1832 in
1247 1768 1395 1851 Europe,

306 1866 394 1935 unde
407 1867 556 1932 difficilis
578 1872 670 1933 esset
693 1868 865 1952 nnvigntio
879 1868 1017 1952 Trojnm
1040 1886 1167 1947 versus,
1190 1889 1251 1933 uec
1263 1870 1395 1955 institui

305 1968 482 2034 commode
507 1975 623 2051 posset
651 1968 716 2032 nisi
742 1969 839 2033 initio
862 1970 964 2041 veris,
987 1977 1190 2054 quopropter
1219 1979 1254 2036 et
1280 1971 1396 2037 Graeci

304 2069 381 2134 inde
402 2069 557 2134 redierint
570 2071 605 2133 in
620 2069 801 2147 Boeotiam,
815 2077 853 2133 ut
867 2070 914 2134 itu
925 2072 1073 2153 sequenti
1087 2071 1219 2135 demum
1232 2090 1331 2150 enno,
1345 2092 1397 2136 re-

303 2175 455 2252 petentes
466 2171 551 2235 hnno
560 2171 817 2252 navigationem,
827 2170 966 2255 Trojnm
980 2172 1090 2253 ipsam
1101 2173 1291 2237 invaderent
1305 2188 1346 2236 ιι.
1360 2175 1396 2239 7.

304 2288 380 2333 oum
392 2271 560 2336 ineritille
581 2269 660 2335 Rex
676 2270 797 2355 Mysius
811 2272 847 2335 in
863 2271 960 2348 Asin,
988 2274 1131 2355 regionis
1145 2292 1220 2355 qum
1233 2273 1397 2357 proximo

301 2377 374 2434 eret
387 2371 511 2454 TroJae.
554 2369 645 2436 Vide
668 2373 715 2436 ihi
737 2372 886 2437 doctiss:
898 2371 1096 2454 Memorem,
1113 2375 1170 2456 qni
1184 2370 1300 2438 etalio
1314 2393 1397 2457 pos·

304 2469 368 2532 sim
382 2471 567 2547 ennotovit,
581 2471 682 2554 inque
701 2472 747 2534 iis
767 2473 867 2536 etiem
889 2475 977 2537 mule
991 2493 1037 2537 ex
1053 2473 1201 2538 Homero
1214 2475 1394 2559 descripto.

303 2565 353 2631 Ut
365 2567 450 2632 eden
465 2576 588 2633 eertum
612 2589 658 2634 ex
673 2570 768 2635 hisce
781 2573 933 2638 omnibns
947 2575 1003 2651 sit,
1023 2574 1130 2639 fuisse
1150 2594 1228 2640 eum
1242 2594 1309 2640 non
1323 2596 1396 2641 mo·

204 2712 208 2721 .
303 2664 348 2732 do
369 2685 434 2731 non
460 2669 591 2733 socium
618 2670 715 2735 istius
740 2672 977 2755 expeditionis,
1005 2694 1074 2758 qno
1096 2686 1200 2760 puoto
1223 2684 1289 2742 turn
1318 2696 1395 2759 gre-

302 2769 388 2832 viter
401 2771 435 2832 in
453 2770 522 2835 illis
542 2788 648 2836 errore
671 2790 739 2836 non
755 2775 933 2855 potuisset,
947 2775 1007 2840 sed
1022 2778 1101 2860 ipso
1116 2778 1216 2842 etiem
1244 2777 1395 2845 Homero

301 2888 472 2935 seriorem.

346 2985 459 3035 xxiv.
480 2971 587 3036 Porro
609 2973 713 3038 etium
731 2975 975 3057 quamplurimo
995 2978 1170 3060 poiitumm
1191 2989 1395 3060 commento,

300 3071 383 3136 nihil
398 3074 469 3137 veri
484 3072 694 3152 continentia,
705 3080 740 3139 et
752 3082 865 3141 tumen
878 3077 947 3154 hie,
962 3081 992 3142 si
1012 3081 1087 3144 Diis
1101 3081 1225 3163 placet,
1240 3101 1302 3165 pro
1312 3102 1395 3148 vero

298 3173 399 3238 nohis
421 3174 602 3253 venditum,
625 3178 859 3242 anctoritatem
876 3178 963 3264 ejus,
984 3189 1021 3244 et
1040 3182 1188 3246 mommo
1209 3184 1396 3265 antiquitu-

299 3280 369 3339 tem
383 3282 524 3351 tenum,
539 3294 679 3359 prorsus
699 3278 831 3343 elevent
850 3286 884 3344 et
904 3279 1086 3347 destruunt.
1128 3283 1215 3347 'I'ule
1236 3292 1290 3348 est
1311 3283 1396 3349 Pel·

299 3374 436 3453 ludium,
449 3397 516 3460 quo
531 3378 643 3442 ehluto
663 3380 803 3444 exitium
824 3380 938 3465 {l'rojm
960 3382 1170 3449 immineret:
1195 3386 1313 3467 Equus
1327 3387 1395 3469 lig·

299 3492 391 3550 neus,
413 3477 510 3559 cujus
531 3481 565 3542 in
586 3481 701 3544 urbem
722 3480 903 3546 inducendi
927 3500 1032 3547 ceusu
1054 3484 1191 3569 Roiani
1213 3486 1394 3552 confestim

299 3573 407 3655 primo
421 3574 486 3649 die,
501 3579 601 3657 qnnsi
611 3597 768 3659 magnum
782 3581 816 3644 in
829 3601 925 3647 moro
938 3584 1123 3666 periculum
1137 3594 1239 3661 esset,
1259 3593 1394 3668 portam

298 3680 460 3737 etmnros
482 3676 579 3739 urhis
599 3676 804 3759 dejecerint:
827 3681 918 3747 Muri
941 3684 976 3748 hi
998 3685 1078 3766 ipsi,
1100 3684 1275 3769 ‘Neptuni
1290 3696 1394 3772 etque

299 3773 472 3856 Apollinis
484 3777 718 3854 monumeute,’
732 3778 801 3845 hoc·
812 3790 875 3854 est,
888 3785 931 3848 eh
945 3785 1015 3848 illis
1031 3785 1120 3862 Diis,
1134 3794 1171 3850 ot
1192 3787 1393 3869 tingebatur,

297 3873 482 3937 exstructi:
506 3874 652 3940 Hecube
677 3876 779 3942 Parin
800 3880 941 3959 edituro,
956 3888 1127 3950 somnians
1147 3907 1186 3949 se
1207 3906 1326 3970 perere
1339 3889 1394 3952 fn·

297 3990 383 4051 cem,
398 3992 469 4055 qne
481 3972 735 4059 oonilegreverit
746 3978 862 4063 'l'tojm
877 3987 1030 4067 exeeptis
1051 3986 1182 4051 :edibus
1205 3988 1392 4054 Antenoris

296 4082 331 4140 et
346 4075 477 4153 AEneae,
492 4075 633 4160 ideoque
648 4081 827 4164 expositus
848 4090 928 4148 tune
945 4085 1054 4163 Puris,
1073 4087 1177 4170 idque
1198 4096 1321 4170 posteo
1343 4110 1395 4154 re·

296 4176 405 4243 tereos
420 4179 495 4262 ipse
510 4178 689 4245 Priurnns:
713 4181 866 4250 Helenus
883 4185 1010 4251 Priami
1027 4187 1065 4251 F.
1081 4190 1149 4254 inte
1162 4187 1275 4271 'l'rojue
1290 4210 1394 4256 enun-
