3034 4928
291 417 334 481 8⁴
726 430 813 483 nun.
836 433 948 481 suros

291 583 457 646 litterales
472 583 507 645 in
522 582 652 646 Troade
667 581 762 645 Caici
779 584 961 664 tangebant
978 582 1090 666 ostia)
1108 604 1194 649 uxor
1209 586 1382 669 Hectoris,
1502 636 1503 655 .

291 684 348 747 cui
361 682 492 764 peperit
506 681 721 765 Astyanacta.
766 678 871 746 Hom·
886 680 928 746 ll.
945 688 968 752 ζ.
1012 682 1163 750 Hectore
1178 706 1257 751 vero
1278 690 1383 755 inter·

291 793 380 851 emto
395 796 429 851 et
443 787 546 870 Troja
564 792 676 869 capta,
692 785 842 870 Pyrrhus
863 806 938 851 eam
961 789 994 851 ln
1009 787 1177 853 Graeciam
1199 792 1327 868 avexit,
1348 801 1383 858 et
1502 780 1503 785 ἵ

290 908 332 953 ea
361 889 548 953 Molossum
571 889 731 971 suscepit
789 886 859 964 Qut
891 895 1000 953 tamen
1029 897 1153 973 postea
1177 890 1383 957 Hermiones

290 1008 437 1054 amorem
467 998 619 1072 captans,
645 1008 718 1053 eam
749 987 892 1066 Heleno,
921 989 1049 1054 Priami
1078 992 1168 1073 regis
1193 990 1277 1070 filio,
1304 1011 1380 1058 cum

289 1096 383 1172 parte
397 1093 488 1173 regni
510 1090 610 1155 dedit
632 1088 724 1172 Virg.
741 1106 797 1152 ru.
812 1089 890 1152 AEn.
901 1089 976 1154 2⁰5.
991 1091 1137 1155 Pausan.
1152 1090 1187 1154 in
1202 1089 1307 1157 Attio.

332 1191 486 1256 Amorem
512 1192 546 1255 in
573 1210 617 1255 oa
644 1189 851 1273 conjugalem
876 1189 996 1254 laudat
1021 1190 1178 1269 Ovidius,
1202 1208 1228 1255 ι.
1250 1192 1332 1259 Am.
1344 1196 1377 1259 9.

288 1291 368 1371 eleg.
380 1290 471 1357 hisce
485 1293 615 1357 verbis:

330 1392 462 1456 Hector
477 1394 520 1457 ah
535 1391 787 1456 Andromaches
801 1392 1034 1476 complexibus
1053 1393 1125 1457 ibat
1139 1393 1174 1457 in
1189 1394 1304 1475 armis,

372 1486 417 1555 Et
430 1494 558 1574 galcam
575 1494 689 1575 capiti,
705 1513 782 1576 qum
799 1494 903 1571 daret,
917 1513 1003 1557 uxor
1018 1502 1097 1558 erat

329 1586 456 1655 Verum
492 1599 525 1657 et
558 1593 631 1677 ejus
666 1594 700 1655 in
728 1594 868 1657 adversa
895 1592 1027 1658 fortuna
1054 1594 1278 1659 constantiam
1309 1596 1378 1661 alii.

288 1688 426 1775 Quippe
441 1712 505 1756 non
518 1699 644 1757 tantum
660 1694 768 1758 mariti
794 1694 881 1759 luxit
902 1701 1041 1758 mortem
1066 1700 1098 1758 et
1120 1692 1236 1779 Trojae
1250 1696 1378 1763 flebiles

287 1792 420 1875 aspexit
440 1795 567 1871 ruinas,
593 1795 652 1860 sed
682 1802 717 1859 et
748 1796 819 1872 filii,
847 1795 888 1859 de
909 1801 996 1859 turre
1018 1797 1233 1879 praecipitati,
1265 1794 1378 1864 lacera

286 1890 431 1960 membra
446 1896 601 1979 colligere
616 1897 680 1961 fuit
701 1905 829 1961 coacta.
874 1895 1039 1961 Videatur
1060 1896 1199 1975 Seneca,
1213 1899 1250 1961 in
1262 1897 1377 1963 divina

284 1988 427 2060 Troade.

329 2093 583 2162 Andromaches
607 2106 716 2163 autem
741 2097 862 2163 faciem
887 2104 998 2164 servat
1020 2099 1244 2164 Chaoniorum
1266 2094 1378 2164 Num·

286 2215 362 2260 mus
378 2197 513 2282 elegans
528 2198 616 2283 apud
632 2199 814 2278 Goltzium,
831 2199 941 2264 Graec.
959 2215 1014 2262 111.
1029 2199 1114 2263 Teh.
1128 2198 1159 2262 9.
1292 2236 1296 2246 ι

483 2431 638 2495 ΧΧΙΙΙ.
683 2429 827 2506 AJAX,
848 2428 1177 2497 TELAMONIUS.

678 2560 757 2624 Lis.
772 2577 808 2625 ν.
831 2560 920 2625 Car.
935 2564 988 2626 15.

284 2698 296 2729 ‘
304 2693 350 2758 At
364 2690 450 2757 lucis
466 2692 630 2778 principio
645 2691 787 2776 Ajacem
801 2690 835 2756 in
855 2690 965 2758 medio
981 2690 1167 2759 exanimem
1184 2688 1373 2775 offendant;

324 2797 612 2879 perquirentesque
628 2795 746 2859 mortis
762 2814 880 2876 genus,
896 2794 1160 2861 animadvertere
1174 2796 1259 2860 serre
1274 2794 1375 2860 inter-

326 2894 477 2961 fectum.¹

324 3011 445 3087 Arax,
462 3011 552 3075 filius
565 3012 761 3077 Telamonis
784 3020 818 3077 et
833 3013 1012 3092 Hesiones,
1028 3035 1104 3099 quae
1127 3016 1214 3096 regis
1229 3014 1373 3079 Laome·

282 3113 397 3178 dontis
411 3112 490 3177 filia.
524 3113 622 3179 Ovid.
637 3114 777 3180 Metam.
790 3132 830 3178 11.
842 3117 917 3180 217.
940 3114 1134 3180 Graecorum
1148 3116 1372 3180 fortissimus:

282 3215 465 3301 etquidem
492 3215 754 3303 invulnerabilis,
771 3223 989 3300 praeterquam
1015 3218 1050 3281 in
1071 3217 1202 3280 cervice
1220 3224 1256 3279 et
1272 3216 1307 3279 in
1321 3216 1373 3281 la·

282 3314 363 3383 tere.
406 3315 616 3403 Quippe(sic
631 3320 751 3383 saltem
767 3319 810 3383 ad
832 3319 1000 3402 Lycophr.
1014 3315 1173 3402 Tectam)
1188 3337 1263 3381 cum
1280 3316 1371 3380 Her-

281 3418 376 3483 cules
404 3419 582 3502 aliquando
607 3419 778 3484 Salamina
800 3419 927 3495 adiens,
955 3418 1169 3482 Telamonem
1198 3416 1373 3494 inviseret,
1425 3468 1430 3479 .

278 3517 326 3581 ibi
341 3518 452 3600 Ajaci,
475 3519 583 3583 adhuc
610 3529 734 3598 tenero,
751 3520 866 3602 injecit
879 3515 989 3595 λεοντῆν
1007 3538 1113 3596 suam,
1129 3525 1302 3600 precatus,
1318 3528 1370 3593 nt,

281 3635 350 3701 qua
364 3624 549 3697 tegeretur,
573 3618 820 3681 invulnerabilis
849 3618 1137 3702 fieretpuerulus.
1182 3618 1281 3701 Ergo,
1303 3640 1371 3702 qua

280 3736 346 3782 non
360 3716 541 3796 tegebatur,
555 3712 645 3798 Ajax
671 3716 782 3793 sactus
797 3719 1023 3786 vulnerabilis.
1067 3720 1202 3785 Achille
1227 3727 1368 3794 mortuo,

280 3824 316 3882 ut
338 3817 512 3899 proximus
536 3817 654 3894 haeres,
684 3818 757 3898 ejus
780 3839 872 3883 arma
895 3824 1014 3904 petiit3
1037 3842 1146 3886 verum
1171 3820 1369 3885 Graecorum

279 3918 447 4002 proceres,
467 3917 660 4001 eloquentia
689 3921 783 3997 moti,
806 3921 879 3985 haec
903 3922 1021 4006 Ulyssi
1043 3923 1215 3987 tradidere.
1261 3920 1370 3998 Unde,

280 4040 351 4103 prae
373 4018 476 4083 nimis
499 4020 549 4084 ira
573 4021 754 4098 insaniens,
773 4022 808 4085 ln
834 4040 959 4106 pecora
982 4024 1087 4102 irrrrit,
1103 4040 1209 4107 eaque
1230 4021 1368 4099 occidit,

279 4119 416 4185 Atridas
443 4125 544 4202 atque
566 4120 724 4205 Ulyssem
753 4138 828 4187 sese
852 4122 1036 4188 interimere
1051 4123 1196 4188 credens.
1238 4120 1368 4185 Verum

279 4222 322 4287 ad
337 4224 456 4288 mentis
479 4221 655 4286 sanitatem
670 4224 801 4289 rediens
823 4241 860 4289 et
880 4242 1021 4290 errorem
1036 4236 1234 4307 agnoscens,
1254 4221 1369 4301 gladio
