3006 4906
569 425 781 476 aetertum·

358 804 640 884 pascasius
680 805 995 902 GROSIPPUS,

542 1040 640 1102 VERO
656 1051 805 1105 NOMINE

133 1228 136 1235 ’
256 1190 586 1341 ’(ὶΑεΡΑΒ
651 1230 1092 1369 semperne,

262 1511 306 1572 ΙΝ
325 1513 560 1578 Paasuoxls
582 1517 1038 1597 ltTERARI1S‚EP1sToLA
1060 1526 1096 1585 V.

124 1990 237 2056 Hine
257 2011 357 2077 porro
379 1994 525 2079 judicari
548 2003 669 2081 potest,
690 1999 788 2084 cujas
810 2007 897 2066 notae
920 1999 1037 2066 Critici
1058 2000 1137 2077 sint,
1159 1999 1217 2082 qai

121 2091 301 2160 historiam
322 2097 411 2163 Belli
430 2097 579 2183 Trojani,
600 2120 677 2183 qnae
698 2101 832 2167 Daretis
847 2100 984 2185 Phrygii
994 2119 1117 2167 nornen
1131 2118 1218 2186 prte-

120 2195 200 2273 fert,
217 2216 240 2262 s
254 2195 408 2265 Cornelio
422 2198 699 2285 Nepote-Latine
713 2221 909 2268 conversans
924 2220 1098 2268 censuere.
1139 2201 1217 2266 Ele-

119 2298 236 2381 guntin
250 2299 335 2385 Styli
349 2300 470 2368 dactoe
484 2302 519 2368 id
533 2303 653 2370 secisse
666 2302 838 2390 iohannes
853 2303 996 2382 savaro,
1017 2297 1120 2367 homo
1134 2300 1218 2367 Gal·

118 2398 188 2478 ins,
207 2400 348 2484 jnnicat
394 2401 499 2470 Hand
524 2405 593 2470 vidi
614 2406 740 2489 magis:
763 2424 841 2470 cnm
862 2405 920 2490 qui
940 2401 1218 2488 val‘primoribns

118 2499 231 2565 labris
259 2504 362 2569 bonos
390 2503 586 2572 latinitatis
617 2518 772 2573 auctores
799 2506 923 2589 attigit,
953 2504 1125 2572 haiom
1149 2508 1218 2568 tam

118 2600 321 2670 lutulentam
334 2608 491 2673 nonnisi
504 2607 548 2672 ab
562 2607 693 2673 homine
713 2607 956 2685 indoctissimo,
975 2607 1034 2692 qni
1047 2623 1110 2670 nec
1121 2603 1218 2669 mini·

118 2722 215 2769 mum
228 2705 343 2772 latini
357 2708 521 2774 sermonis
536 2715 670 2790 gustum
683 2727 829 2792 anquam
849 2707 1007 2786 hauserit,
1031 2705 1135 2772 scribi
1155 2724 1216 2789 po·

118 2806 229 2872 inissa
259 2808 375 2873 statim
405 2814 588 2892 agnoscat:
623 2810 674 2873 ita
701 2808 736 2873 in
761 2808 914 2874 omnibns
943 2806 1096 2892 pagellis·
1112 2824 1154 2871 aa
1178 2825 1218 2870 se

45 2972 48 2977 .
117 2906 278 2987 offerunt,
294 2930 372 2994 qnae
385 2915 441 2975 τῶν
456 2910 596 2991 metior
612 2911 760 2976 claustra
766 2906 945 2994 resipiant,
967 2916 1024 2976 ant
1037 2907 1217 2974 Actuario·

113 3028 193 3075 mm
208 3011 384 3076 caucellos
397 3030 505 3097 anper
516 3012 697 3079 admodum
711 3011 883 3094 refmgisse
892 3010 1074 3076 adeantur.
1119 3009 1218 3073 Fact-

113 3110 190 3177 lius
203 3111 314 3177 multo
324 3113 580 3196 intelligentibus
594 3112 695 3179 fidem
708 3112 879 3189 iecissent,
889 3112 932 3176 'si
950 3111 1125 3177 historiam
1138 3107 1218 3173 alte·

114 3231 207 3290 sam,
218 3212 321 3294 cojns
332 3213 456 3297 Dictys
468 3213 639 3279 Cretensis
654 3221 771 3281 auctor
785 3210 1039 3290 inscribens-ad
1052 3210 1217 3293 Nepotem

115 3311 468 3400 retulissentcnippe
483 3315 527 3381 sd
542 3318 639 3404 cnjus
651 3317 730 3401 styli
739 3313 988 3381 similitudinem
998 3308 1217 3393 illaproxime

111 3412 270 3492 accwit,
285 3419 322 3478 nt
332 3417 470 3482 omnino
484 3415 620 3496 Velleii,
636 3415 765 3482 Valerii
777 3414 932 3489 Maximi,
938 3420 977 3478 et
985 3410 1095 3477 Curtii·
1102 3418 1217 3487 atate,

110 3515 291 3600 abaliquo
304 3516 468 3601 elegantis
478 3518 599 3601 ingenii
608 3526 644 3585 et
652 3517 774 3602 judicii
787 3515 934 3593 homine,
950 3512 1053 3579 animi
1067 3512 1173 3597 gretia
1183 3521 1217 3580 et

108 3617 390 3696 exercimtionis,
405 3618 531 3704 scripta
546 3609 708 3699 videatur,
722 3618 787 3683 etsi
804 3616 971 3682 nonnullis
985 3616 1073 3681 locis
1088 3615 1218 3702 aliquid

108 3719 201 3785 mali
215 3738 239 3784 a
252 3719 346 3784 mala
359 3719 392 3782 ei
405 3720 572 3804 objectum
587 3728 640 3785 est
654 3738 768 3799 mann,
781 3718 873 3803 quod
884 3724 919 3783 et
928 3717 1008 3782 belli
1019 3715 1225 3785 Alexandri.

108 3818 154 3884 ni
178 3819 356 3902 scriptori,⁴
369 3827 406 3886 et
426 3820 503 3886 aliis
525 3829 688 3906 praeterea
705 3821 854 3903 contigit.
897 3818 1016 3884 sosias
1037 3815 1217 3898 Mercems,

107 3918 176 3984 vir
189 3936 274 3984 sane
287 3940 417 4006 magnas
428 3923 627 3991 eruditionis
642 3922 779 4007 acrique
795 3921 937 4007 jndicio,
952 3918 1142 4005 perfrivolis
1156 3919 1218 3986 (ln-

105 4019 212 4088 citnr
237 4024 447 4103 argumentis,
469 4029 509 4091 nt
532 4044 606 4091 eam
627 4022 933 4108 postilonstantini
948 4019 1082 4085 demam
1098 4018 1217 4106 Magni

101 4123 263 4192 aetaam
273 4124 430 4208 scriptam
444 4133 547 4210 patet
592 4125 730 4190 Scilicet
752 4125 787 4188 in
810 4121 1003 4206 praefatione
1025 4120 1216 4188 Consularis
1271 4147 1278 4163 ·

99 4225 233 4295 &etto
247 4221 286 4289 iit
299 4227 438 4305 mentio,
454 4246 533 4311 qaas
546 4227 677 4311 imperii
692 4224 879 4312 appellatio
893 4231 943 4292 est
957 4225 1128 4291 recentior.
1153 4224 1215 4285 <at
