2992 4910
406 421 457 469 nn
481 419 599 470 nunno
620 419 792 474 raorauo
816 428 889 478 nra.
913 433 945 481 v.
1151 426 1214 492 251

109 561 164 627 ad
194 581 277 628 snos
305 563 447 646 quisque
478 564 612 628 abeunt.
664 564 821 634 Ceterum
849 571 980 639 barbari
1009 576 1211 648 Antenorem

112 666 262 729 summis
279 663 389 729 adame
408 664 581 739 laudibus,
596 665 824 733 advenientem
846 673 969 755 singuli
983 683 1081 762 quasi
1097 684 1210 755 Deum

113 766 287 830 venerari:
308 766 414 830 solum
446 765 571 848 quippe
593 768 740 835 omnium
762 772 896 837 credere
917 786 1086 845 auctorem
1114 789 1210 866 pacis

113 865 206 948 ejus,
220 867 400 949 coitmqoe⁷
425 884 501 929 cum
516 866 646 931 Graecis
667 870 836 936 amicitiae.
881 874 934 940 Ita
944 880 1054 962 sopito
1067 882 1137 966 Jam
1151 906 1210 951 ex.

114 966 198 1029 inde
211 966 307 1043 bello,
319 967 447 1049 passim
461 969 512 1030 nti
528 971 668 1051 quisque
681 973 824 1052 partium
837 976 1003 1056 voluerat,
1017 1000 1107 1047 nnnc
1117 983 1209 1051 Grae·

114 1068 149 1130 ci
178 1085 254 1130 cnm
274 1066 450 1150 Trojanis‚
472 1085 653 1151 mrsnsque
675 1069 709 1133 hi
730 1072 821 1153 apud
848 1094 953 1140 nares
975 1083 1082 1146 amice
1104 1102 1210 1166 agere.

112 1170 251 1234 Interim
266 1168 446 1234 ubitoedus
460 1170 690 1246 intervenerat,
698 1172 811 1236 cuncti
819 1174 1031 1242 barbarorum
1043 1183 1141 1261 socii,
1151 1189 1209 1270 qni

110 1271 206 1335 ballo
218 1268 346 1334 residui
360 1274 460 1347 eraut,
476 1269 676 1353 gratulantes
687 1272 867 1338 interventu
877 1279 974 1358 pacis
985 1280 1029 1345 ad
1044 1302 1126 1348 suos
1140 1287 1208 1351 dis·

114 1371 252 1446 cedunt,
272 1389 315 1434 ne
337 1371 543 1454 opperientes
565 1370 697 1453 quidem
711 1376 850 1456 praemia
864 1383 1028 1446 tantorum
1044 1384 1207 1452 discrimi-

112 1489 198 1534 num
213 1475 312 1552 atque
327 1488 556 1547 aerumnarum,
571 1471 699 1536 scilicet
719 1475 823 1555 veriti,
837 1496 880 1541 ne
896 1498 964 1563 qua
974 1490 995 1517 ¹¹¹
1016 1488 1105 1566 pacti
1120 1487 1204 1555 fides

110 1571 204 1655 apud
219 1572 377 1637 barbaros
391 1571 637 1636 dissolveretur.
670 1573 753 1655 [ll.]
772 1576 911 1644 Interim
926 1585 1016 1666 apud
1028 1604 1142 1668 naves,
1155 1591 1205 1655 nti

111 1671 249 1736 Heleno
270 1664 456 1755 placuerat,
470 1690 576 1754 aquus
597 1674 777 1739 tabularius
797 1683 982 1747 exstmitur
1000 1705 1059 1768 per
1080 1687 1203 1772 Epium

110 1771 346 1837 fabricatorem
361 1770 437 1855 ejus
449 1774 558 1856 operis
567 1780 599 1838 :⁰
621 1775 676 1839 oui
686 1775 778 1840 edito
789 1777 823 1840 in
834 1779 1026 1849 immensum
1040 1786 1111 1853 ima
1124 1811 1201 1875 quae

113 1874 177 1937 sub
200 1872 344 1957 pedibus
365 1880 460 1937 erant
478 1874 583 1941 rotisr
605 1875 814 1958 interpositis
833 1885 1057 1965 suspenderat,
1073 1890 1204 1957 scilicet
1253 1892 1256 1899 '

81 2001 86 2007 ’
112 1993 183 2055 qno
210 1979 378 2039 attractu‘¹
399 1980 510 2060 motus
535 1973 672 2041 facilius
692 1976 796 2044 foret:
820 2000 920 2064 quem
948 1983 1056 2049 offerri
1080 1987 1202 2056 donum

112 2072 280 2139 Miuerrae
305 2073 514 2152 maximum,⁸
549 2077 695 2141 omnium
724 2096 781 2142 ore
808 2082 1007 2162 agitabatur.
1050 2085 1201 2156 Ceterum

109 2174 201 2257 apud
231 2175 368 2258 Troiam
390 2176 462 2240 auri
484 2182 587 2259 atque
607 2179 732 2261 argenti
756 2181 954 2262 praedictum
984 2188 1117 2269 pondus
1141 2209 1202 2274 per

111 2275 318 2340 Antenorem
332 2285 432 2360 atque
447 2277 587 2342 AEneam
603 2297 734 2345 summo
748 2281 863 2346 studio
876 2282 912 2346 in
922 2284 1028 2349 mem
1038 2287 1200 2356 Minervas

107 2378 314 2459 portabatur.
343 2377 387 2442 Et
399 2375 527 2455 Graeci,
542 2386 721 2464 postquam
737 2382 864 2447 auxilia
878 2384 1049 2451 sociorum
1059 2387 1201 2457 dimissa

108 2479 280 2562 cognitum
294 2485 358 2555 est,
374 2477 555 2562 impensius
576 2499 694 2562 pacem
708 2488 811 2566 atqua
826 2485 1007 2553 amicitiam
1021 2490 1199 2572 agitavere,

105 2580 198 2645 nullo
222 2580 365 2644 erriuder
386 2579 605 2644 barbarorum
626 2582 809 2663 interiecto,
837 2591 896 2651 aut
915 2587 1108 2672 vulnerat03
1130 2612 1197 2678 quo

103 2682 213 2765 magis
227 2682 301 2745 sine
313 2680 383 2745 ulla
398 2679 640 2747 discordiarum
660 2684 851 2766 suspicione
865 2687 955 2770 apud
969 2688 1084 2755 hostes
1096 2691 1198 2760 luere.

101 2783 192 2863 ‚Dein
220 2801 345 2865 equum
374 2789 585 2866 compactum
607 2782 729 2848 affabre
755 2786 991 2874 confixumqne
1013 2789 1056 2859 ad
1082 2812 1196 2863 muros

101 2889 254 2960 morant,
284 2884 506 2966 praenuntiato
527 2883 694 2966 Trojanis,
716 2888 862 2952 uticum
889 2910 1018 2956 summa
1037 2894 1196 2975 religione

101 2986 325 3069 susciperent,
343 2982 504 3048 Minorrae
519 2983 652 3048 scilicet
665 3002 807 3064 sacrum,
822 2989 1046 3077 dicatumque.
1085 2991 1196 3070 Quare
1213 3004 1216 3011 '

98 3291 226 3341 voculam
236 3289 317 3338 irc—4
333 3292 425 3357 Delplr.
436 3291 590 3342 aureum-s
606 3295 700 3359 Delplr.
712 3306 739 3346 et
751 3297 828 3359 uulgo
838 3298 949 3347 mxime.

598 3454 704 3508 NOTAE

128 3575 151 3601 ¹
169 3566 280 3631 Neque]
295 3565 338 3616 Ne
354 3579 403 3630 qua
418 3567 469 3617 ria.
501 3567 546 3618 slc
565 3580 632 3616 ram·
703 3564 1004 3629 adcilieetqaouttruets]
1021 3564 1191 3624 Sarisa‘oei·

93 3658 148 3708 per
158 3642 268 3706 Dictys.
669 3643 733 3695 tinet
743 3657 794 3707 quo
804 3651 888 3694 motus
898 3640 999 3691 facilior
1017 3641 1086 3693 toret
1097 3650 1191 3698 attrac-

130 3729 145 3754 ·
173 3717 309 3783 Tabulis]
340 3720 506 3772 ‘Roboribus
536 3719 632 3771 textis!
669 3717 717 3769 tn!
750 3716 854 3767 idest:
876 3715 1191 3771 ‘Quolacllimattructu

92 3794 195 3856 virgil.
669 3793 833 3846 moreretur!

131 3875 147 3900 ⁰
164 3867 338 3918 fabricatorem
357 3871 445 3934 operis]
468 3869 562 3933 virgil.
577 3869 630 3920 ‘Et
700 3869 800 3918 *Nouo
809 3867 906 3931 crude]
930 3866 1009 3918 Quasi
1020 3874 1190 3920 rarestaute

90 3944 161 4008 ipre
173 3942 491 4007 mtlafflermrupem:
667 3944 794 3995 sociorum
820 3942 971 3996 discessum,
995 3947 1052 4004 port
1074 3942 1190 4005 juratam

128 4024 147 4060 Ρ
163 4016 220 4066 Iu
234 4032 285 4082 que
297 4019 339 4069 aa
352 4021 451 4082 prdibsr
463 4027 541 4084 murt,
558 4022 629 4083 raia,
667 4015 882 4082 praemunimur
898 4029 915 4064 a
930 4014 1029 4065 Grecis
1046 4016 1085 4066 rel
1102 4019 1191 4069 virine-

85 4094 154 4159 dua]
183 4092 242 4143 aab
260 4093 367 4156 pedibus
386 4102 456 4146 rotas
470 4096 627 4160 ran'ecerrt.
668 4088 987 4143 ratisintrelioterscctl:
1006 4089 1189 4144 ridiculamsa·

84 4173 168 4235 Virg.
182 4183 217 4220 rr.
236 4169 293 4218 AEn.
311 4170 496 4236 ‘Pedibasque
514 4180 627 4223 rutarum
666 4182 708 4226 ne,
719 4175 747 4218 et
756 4166 796 4217 rui
807 4166 848 4216 liic
860 4164 957 4216 oblitus
968 4173 1008 4217 est
1018 4166 1123 4231 Dictys.

84 4248 246 4312 subjiciunt
257 4246 362 4311 lapsus!
