3010 4916
553 416 824 466 ountosuouru.
1168 405 1233 471 355

400 560 495 625 Bene
510 577 614 643 qnam
627 560 754 625 mnnita
768 566 877 626 tenere

228 660 329 727 Edita
342 657 496 727 deeuina
509 661 695 746 sapientum
710 662 835 748 templa
850 680 977 731 eereua.
1000 659 1126 727 Lucret.

138 762 209 841 rel,
230 760 393 829 utVarro
406 761 552 839 dicebat,
570 759 713 843 legendo
733 766 767 826 et
789 762 966 828 scribendo
980 763 1085 828 vitam
1109 762 1233 846 produ·

137 883 216 929 ome
227 885 236 931 ε
247 882 366 929 revera
379 862 432 927 illi
446 881 568 944 magna
580 860 739 945 voluptas
754 873 818 942 est,
834 864 941 929 bonos
951 870 1106 930 auctores
1123 865 1235 930 novis-

143 984 195 1041 se,
209 963 315 1048 maior
333 962 546 1047 possedisse,
561 963 711 1028 maxima
729 964 850 1048 legisse
867 970 901 1030 et
919 965 1138 1049 persolvisse,
1153 964 1236 1047 qnid

144 1063 256 1128 dicam
269 1064 304 1129 in
316 1084 415 1129 nsum
429 1065 594 1130 vertisset
638 1064 706 1129 Sed
720 1085 764 1130 ne
779 1074 878 1130 extra
892 1067 1000 1144 eleas,
1016 1072 1062 1145 et,
1077 1064 1170 1149 quod
1185 1065 1236 1129 di·

142 1164 237 1242 citur,
251 1167 380 1231 omissa
391 1167 522 1250 hypera
534 1166 659 1255 pedem
673 1168 793 1232 sectari
809 1167 936 1244 videar,
950 1167 1135 1250 acciperit
1146 1185 1236 1249 mag-

143 1264 255 1345 nidos,
270 1266 430 1332 Ieoauum
452 1265 594 1332 Polliam
616 1266 907 1348 elegantissimum,
920 1268 955 1331 in
974 1287 1009 1332 re
1027 1267 1155 1350 uulgari
1169 1285 1237 1330 non

146 1365 326 1447 vulgariter
339 1374 518 1446 voratum,
533 1367 633 1452 eujus
646 1386 767 1433 nomen
781 1374 831 1434 tot
844 1368 906 1435 viri
922 1368 1015 1433 docti
1031 1369 1134 1433 anxie
1149 1368 1238 1432 desi·

145 1463 313 1544 demunt,
327 1470 422 1554 enjus
435 1468 612 1534 sententiis
628 1488 710 1535 auro
735 1475 849 1535 eontm
870 1471 958 1535 caris
981 1488 1044 1535 non
1069 1468 1238 1551 Philologi

146 1572 286 1647 tantum,
300 1568 360 1634 sed
379 1575 413 1632 et
432 1566 513 1634 Jcti
537 1569 589 1635 usi
610 1577 697 1637 sunt.
741 1569 867 1637 Videat
890 1571 997 1637 lucem
1020 1571 1083 1636 sub
1098 1569 1175 1635 lnce
1190 1569 1239 1634 tui

145 1669 303 1747 nominis,
318 1670 376 1753 qui
388 1676 456 1735 tam
480 1668 538 1734 diu
552 1669 586 1734 in
608 1669 753 1739 tenebris
768 1670 862 1734 nullo
878 1689 941 1736 sno
956 1672 1073 1735 merito
1088 1670 1237 1734 delituit:

147 1776 207 1834 tua
223 1769 320 1852 Mag.
336 1769 380 1835 ad
392 1789 516 1835 novam
536 1770 647 1841 luoem
662 1770 831 1852 caliganti,
847 1768 1048 1856 χιιςαγοηίας
1070 1769 1240 1854 adjumen-

149 1878 222 1935 tum
247 1878 283 1934 et
304 1869 448 1939 favorem
463 1870 654 1954 indulgeat:
676 1890 717 1936 ea
739 1879 798 1935 tna
815 1871 1006 1937 humanitas
1021 1876 1085 1946 est,
1097 1875 1134 1933 ut
1146 1870 1240 1944 uelit,

150 1988 193 2034 ea
203 1971 387 2037 auotoritas
399 1979 435 2035 et
448 1972 607 2056 dignitas,
618 1977 655 2036 ut
668 1974 789 2055 pessit.
811 1971 907 2037 Utin
922 1971 1019 2037 illuni
1031 1976 1129 2035 noete
1144 1968 1242 2032 stella

150 2071 262 2135 oriens
275 2073 462 2153 grmissima
476 2079 549 2152 est3
572 2073 623 2137 sie
647 2072 682 2137 in
703 2073 816 2139 media
834 2072 987 2139 barbarie
1002 2069 1101 2154 quasi
1118 2072 1242 2134 mnatae

149 2172 310 2256 placeant
322 2175 489 2241 strictura
504 2175 713 2258 elegantioris
730 2173 892 2259 podtiooez
920 2174 998 2258 jure
1018 2172 1108 2240 enim
1126 2170 1242 2235 merito

143 2273 232 2343 illud
246 2274 393 2341 Menelai
407 2276 450 2341 de
465 2296 502 2342 ee
516 2284 626 2359 neget,

235 2374 479 2462 Βιβσρβᾶμμι,
490 2374 603 2464 χρόνιος
616 2373 654 2440 ὃν
667 2377 695 2440 ir
707 2374 874 2462 βαρβάροις.
902 2372 1016 2458 Eurip.
1035 2369 1136 2437 Orest.

196 2476 254 2540 Ad
263 2496 315 2541 me
331 2477 424 2561 qued
438 2480 566 2556 attinet,
582 2478 702 2561 pignus
714 2477 777 2542 hoe
793 2477 907 2542 devoti
927 2476 1027 2541 animi
1042 2473 1136 2557 apud
1151 2482 1243 2539 tuam

152 2576 247 2660 areg.
260 2576 410 2660 depono,
425 2597 504 2661 qnae
521 2580 551 2643 si
570 2578 654 2644 illud
675 2580 843 2661 acceperit
862 2583 1021 2661 tanquam
1042 2593 1161 2651 meum,
1180 2573 1244 2647 sed

148 2678 220 2761 ipsi
233 2677 395 2755 debitum,
411 2683 445 2743 et
463 2676 648 2743 defenderit
667 2687 827 2760 tanquam
848 2696 957 2753 suum,
971 2676 1029 2742 sed
1050 2695 1073 2740 a
1093 2695 1146 2740 me
1167 2693 1245 2758 pro-

145 2780 289 2855 iectum,
306 2784 483 2861 acceptum
495 2778 582 2843 illud
596 2784 629 2844 et
644 2797 720 2844 vere
732 2784 908 2862 acceptum
919 2778 1087 2861 gaudeboz
1121 2777 1171 2841 sio
1184 2775 1207 2840 J
1209 2795 1246 2841 o·

144 2879 276 2964 eephus
287 2884 412 2958 noster,
435 2877 480 2943 tal
497 2879 558 2943 leel
573 2877 714 2965 lyao‘paa
725 2878 864 2957 σαλεύων,
875 2877 1083 2946 commodius
1096 2877 1245 2953 habebit,

281 2974 369 3046 Cum
384 2979 506 3045 melius
522 2980 588 3044 duo
604 2978 786 3044 defendant
798 2979 982 3045 retinacula
993 2976 1116 3042 navim.

146 3081 250 3146 Deus
270 3087 366 3144 tuam
381 3079 523 3161 Magnis.
543 3081 740 3164 reipublicae
761 3078 891 3146 florenti
906 3078 1086 3153 florentem,
1099 3072 1245 3154 mihique

137 3180 319 3251 ,faventem
334 3179 393 3246 diu
408 3187 584 3247 conservet
598 3191 633 3247 et
646 3181 802 3266 sospitet.

499 3431 729 3517 resumis.
844 3516 852 3529 .

625 3634 684 3723 qui
698 3632 781 3699 colit
796 3639 830 3697 et
845 3630 991 3697 aestimat

784 3855 945 3920 Sauum.
969 3853 1204 3917 Dossennus.
