3006 4906
286 393 351 459 332
578 442 582 449 .
660 404 821 454 nannete
845 404 1006 453 aaaron
1095 414 1100 423 ·

287 571 411 629 revere,
428 550 518 635 qnod
541 566 709 632 nunquam
730 545 945 629 despexisset
969 543 1165 629 'l'rnjanus,¹
1194 546 1357 629 etArgirus

287 652 538 717 desiderasset!
581 646 664 733 [hd]
686 646 832 711 Postera
853 644 909 709 die
932 644 1169 727 Agamemnon
1194 651 1295 731 coepit
1313 667 1360 712 es·

286 752 425 817 ercitum
437 756 512 816 ante
526 757 652 835 portam
667 749 843 824 instruere,
853 745 1079 811 et‘Dardanos
1093 746 1127 810 in
1141 747 1287 830 praelinm
1296 767 1360 831 pro

287 873 418 918 vocam.
462 851 616 916 Priamus
640 849 990 926 subsistere„urbem·
1002 849 1130 912 munire
1150 854 1185 913 et
1199 849 1360 931 quiescere

288 973 396 1037 usqne
419 953 498 1017 dum
521 952 754 1017 Penthesilea·
780 969 857 1015 curn
881 948 1113 1013 Amazonibus
1135 949 1358 1031 superveniret.

289 1054 503 1119 Penthesilea
515 1057 633 1137 postea
647 1053 851 1136 supervenit,
865 1055 899 1114 et
912 1050 1092 1115 exercitum
1106 1057 1216 1113 contra
1224 1048 1359 1130 Argivos

289 1154 423 1220 eduxit:
440 1156 480 1219 fit
493 1153 646 1239 praelium
660 1156 790 1236 ingens,
806 1172 867 1237 per
879 1152 1009 1234 aliquot
1022 1151 1094 1215 dies
1108 1156 1270 1234 pugnatur.
1293 1147 1353 1211 Ar·

290 1257 358 1338 gisi
382 1257 416 1320 in
440 1256 559 1321 eastris
582 1256 817 1338 opprimuntur.
860 1251 926 1316 Cui
939 1252 1003 1316 ,vix
1024 1251 1204 1317 Diomedes
1221 1247 1353 1313 obstitit:

290 1356 414 1439 alioqui
434 1363 547 1422 castra
560 1360 740 1433 vastasset,
763 1374 865 1420 naves
888 1352 1097 1420 incendisset
1111 1351 1311 1434 Argivorum,
1328 1352 1358 1411 et

290 1457 480 1521 uuiversum
504 1457 688 1521 exercitum
713 1457 939 1521 devastasset.
983 1453 1113 1518 Praene
1134 1453 1264 1516 diremto
1280 1451 1360 1532 Aga·

164 1554 166 1563 ’
289 1574 441 1620 memnon
456 1574 535 1620 suos
551 1558 586 1620 in
601 1558 722 1621 eastris
735 1559 865 1621 retinet
909 1556 1044 1620 interim
1065 1552 1264 1618 Penthesilea
1283 1569 1355 1635 pro·

290 1655 339 1718 dit
374 1655 593 1739 quotidieque
620 1655 776 1721 devastat
805 1654 960 1737 Argivos,
991 1656 1028 1718 in
1055 1654 1176 1719 bellum
1198 1656 1354 1736 provocat·
1473 1656 1474 1659 ’

291 1753 521 1838 Agamemnon
534 1777 580 1822 ex
594 1758 736 1822 consilio
750 1764 861 1822 castra
874 1758 982 1821 munit
996 1762 1184 1839 tueturque,
1199 1761 1231 1817 et
1249 1754 1281 1816 in
1292 1750 1354 1815 bel·
1473 1744 1474 1777 ³

293 1855 363 1919 lum
378 1876 445 1921 non
460 1857 595 1941 prodii,³
618 1878 724 1941 usque
739 1860 828 1923 dum'
837 1858 973 1923 advenit
986 1856 1162 1922 Menelaus
1175 1875 1244 1920 eum
1257 1852 1357 1935 Neop
1473 1872 1474 1915 1

291 1958 424 2022 tolemo.
470 1958 712 2043 Neoptolemus
726 1967 764 2023 ut
778 1959 1036 2042 advenitpatr'is
1056 1958 1108 2022 sni
1131 1975 1223 2021 arma
1236 1955 1360 2037 accipit,

291 2060 381 2123 eirca
392 2061 499 2142 patris
512 2062 673 2126 tumulum
682 2061 1030 2125 lamentaturclamore
1041 2066 1183 2141 magno.⁸
1205 2056 1361 2121 Penthesi-

290 2159 348 2224 lea
356 2178 399 2224 ex
413 2161 648 2226 consuetudine
661 2162 767 2227 aciem
777 2162 922 2238 instruit,
933 2168 967 2225 et
977 2161 1089 2244 prodit
1098 2178 1205 2244 usque
1214 2158 1255 2222 sd
1265 2166 1364 2221 castra

291 2258 504 2343 Argivorum.
540 2261 661 2327 Prodit
675 2261 929 2345 Neoptolemus,
946 2262 1174 2346 Myrmidonas
1188 2260 1322 2335 instruit,
1334 2265 1364 2320 et

291 2363 537 2427 conusedncit.
559 2361 789 2445 Agamemnon
798 2365 985 2428 exercitum
993 2365 1137 2427 instruit:
1151 2363 1267 2427 aeriter
1275 2359 1362 2424 amhn

291 2462 515 2551 concurrenti
536 2463 780 2547 Neoptolemus
789 2473 930 2547 stragem
940 2465 1036 2530 lacit:
1053 2463 1366 2529 Penthesileaoceur·

290 2560 640 2636 rit‚iortitercominus
656 2567 756 2631 stetit
779 2565 871 2630 Dum
879 2584 939 2648 per
949 2565 1076 2648 aliquot
1084 2564 1156 2628 dies
1167 2564 1364 2642 acriterpng·

291 2667 465 2738 naverunt,
476 2664 575 2728 ambo
591 2666 717 2730 multos
727 2666 923 2731 occiderunt.
968 2664 1181 2729 Penthesilea
1196 2660 1364 2745 Neoptole-

292 2779 379 2824 mum
399 2762 538 2827 sauciut
584 2764 657 2843 Ille,
672 2766 787 2832 dolore
810 2770 960 2849 accepto,
976 2765 1186 2831 Amazonum
1201 2764 1362 2830 ductricem

325 3012 340 3057 8
357 3005 455 3058 Omnes
466 3022 542 3059 seces
552 3023 568 3059 a
577 3013 682 3075 quetidie
692 3028 775 3079 usque
786 3013 818 3064 nd
829 3015 911 3080 prodit
921 3015 1015 3065 desunt
1027 3014 1127 3078 Delph.

784 3160 894 3211 NOTAE

325 3259 337 3283 ¹
355 3252 425 3308 and
438 3267 555 3316 amasus
572 3255 716 3318 despexisset
736 3256 817 3316 Μαι
859 3257 948 3307 urbem
960 3247 1108 3307 retr'aetars.

291 3327 345 3390 sos]
368 3328 408 3377 Ex
428 3328 542 3379 Homero
561 3339 672 3394 constat,
690 3332 817 3383 Helenam
889 3340 899 3365 ¹
920 3332 997 3396 Usque
1007 3332 1061 3381 dass
1072 3330 1235 3395 Penthesilea]
1257 3327 1307 3379 Sed
1317 3335 1373 3376 ante

292 3416 423 3466 nunqsram
444 3404 568 3468 Trojano·
589 3406 755 3470 despexisse:
780 3408 818 3457 ait
857 3407 987 3459 ademtam
1023 3408 1165 3457 Hectorem
1202 3404 1374 3469 snpenesisse

293 3479 372 3537 eninr,
383 3479 415 3529 ll.
433 3479 502 3530 md
518 3481 666 3533 Priamum:
682 3482 772 3534 albei&
788 3482 819 3533 ri
859 3484 1058 3542 Penthesileam,
1068 3496 1146 3545 supra
1156 3478 1375 3539 narraritDietys,

292 3566 331 3609 μοι
340 3551 405 3614 leel,
414 3553 470 3614 pla«
480 3554 556 3619 irrupi,
567 3558 640 3608 druis
649 3577 686 3611 re.
712 3561 817 3611 ‘llere-
857 3559 991 3624 ipsumque
1007 3558 1157 3612 Hectorem,
1167 3558 1190 3605 ei
1205 3554 1302 3604 obviarn
1315 3567 1374 3614 prs·

293 3625 436 3690 eanquue
452 3627 512 3677 milri
529 3645 565 3694 es,
579 3631 675 3685 dilecte
690 3651 775 3701 socer,
786 3634 823 3687 ri:
840 3660 844 3673 ·
856 3632 963 3697 sectam,
974 3634 1006 3684 ab
1017 3631 1120 3682 Achille
1131 3644 1174 3696 per
1182 3626 1282 3678 insidias
1293 3625 1375 3673 ister·

292 3698 469 3764 mandesque.'
545 3715 552 3725 ·
855 3710 962 3762 fectum.

323 3776 684 3848 intemeratarum]
710 3788 817 3840 lislio·
888 3788 1072 3838 nmmum
1087 3788 1183 3836 clam
1194 3779 1294 3844 wem]
1309 3780 1380 3831 Vide

291 3850 682 3919 meroidqnoquernultlsioels.
707 3863 818 3929 Etlpss,
856 3864 925 3929 apud
937 3864 1046 3926 Dictyn.

292 3923 360 3987 apud
374 3925 523 3991 Euripidem
535 3932 561 3981 ln
572 3932 728 3997 Troadibus,
737 3936 774 3986 ait
790 3951 818 3987 se
887 3939 900 3974 l
916 3936 1089 3989 sanarem
1098 3931 1253 3997 omnus]
1267 3933 1334 3984 Vslt
1346 3932 1382 3983 di·

292 3999 386 4063 sepina
408 4011 594 4065 postmortem
615 4009 716 4060 Paridis
739 4012 819 4076 'l'rnje
857 4027 928 4075 cere,
948 4013 1170 4077 Agamemnonem
1191 4020 1220 4060 et
1242 4009 1380 4071 Neoptole-

292 4075 381 4139 egredi
393 4085 515 4141 tentasse,
526 4091 554 4134 et
571 4085 720 4136 Grecornm
732 4097 818 4139 rastra
858 4104 928 4139 marn
944 4103 995 4138 nna
1006 4089 1033 4139 ln
1048 4088 1136 4139 hostes
1146 4087 1275 4150 impetam
1286 4083 1377 4134 (κω

291 4157 447 4216 peneasre;
470 4162 497 4204 at
513 4170 571 4205 earn
585 4160 662 4209 etiam
674 4175 720 4223 per
730 4160 817 4213 funem
855 4161 907 4213 Sed
918 4164 956 4212 ita
965 4162 1055 4212 scribit
1072 4168 1159 4211 umen
1176 4162 1283 4224 ineptus
1293 4160 1377 4215 nasu,

291 4244 306 4281 e
325 4229 404 4282 muris
421 4230 596 4298 delaberetur,
614 4252 630 4287 a
648 4239 768 4303 vigilibus
787 4240 814 4291 in
856 4245 884 4288 ut
895 4236 1108 4289 lerecredssees
1120 4236 1146 4286 in
1159 4250 1188 4286 se
1199 4235 1312 4285 irruisse.
