<?xml version="1.0" encoding="UTF-8"?>
<!DOCTYPE html PUBLIC "-//W3C//DTD XHTML 1.0 Transitional//EN"
    "http://www.w3.org/TR/xhtml1/DTD/xhtml1-transitional.dtd">
<html xmlns="http://www.w3.org/1999/xhtml" xml:lang="en" lang="en">
 <head>
  <title>
</title>
<meta http-equiv="Content-Type" content="text/html;charset=utf-8" />
  <meta name='ocr-system' content='tesseract 3.04.00' />
  <meta name='ocr-capabilities' content='ocr_page ocr_carea ocr_par ocr_line ocrx_word'/>
</head>
<body>
  <div class='ocr_page' id='page_1' title='image "./debellotrojano00josegoog/debellotrojano00josegoog_0374.png"; bbox 0 0 3006 4906; ppageno 0'>
   <div class='ocr_carea' id='block_1_1' title="bbox 428 423 1230 489">
    <p class='ocr_par' dir='ltr' id='par_1_1' title="bbox 428 423 1230 489">
     <span class='ocr_line' id='line_1_1' title="bbox 428 423 1230 489; baseline 0.01 -8"><span class='ocrx_word' id='word_1_1' title='bbox 428 434 477 481; x_wconf 83' lang='lat' dir='ltr'>uu</span> <span class='ocrx_word' id='word_1_2' title='bbox 501 433 629 483; x_wconf 81' lang='lat' dir='ltr'>uxore.</span> <span class='ocrx_word' id='word_1_3' title='bbox 652 434 781 483; x_wconf 74' lang='lat' dir='ltr'>unctu</span> <span class='ocrx_word' id='word_1_4' title='bbox 803 436 952 486; x_wconf 80' lang='lat' dir='ltr'>maron.</span> <span class='ocrx_word' id='word_1_5' title='bbox 1166 423 1230 489; x_wconf 78' lang='lat' dir='ltr'>eat</span> 
     </span>
    </p>
   </div>
   <div class='ocr_carea' id='block_1_2' title="bbox 136 576 1232 1065">
    <p class='ocr_par' dir='ltr' id='par_1_2' title="bbox 136 576 1232 1065">
     <span class='ocr_line' id='line_1_2' title="bbox 136 576 1231 664; baseline 0 -19"><span class='ocrx_word' id='word_1_6' title='bbox 136 587 179 645; x_wconf 85' lang='lat' dir='ltr'>ut</span> <span class='ocrx_word' id='word_1_7' title='bbox 192 584 320 662; x_wconf 84' lang='lat' dir='ltr'>patrem</span> <span class='ocrx_word' id='word_1_8' title='bbox 334 595 435 641; x_wconf 88' lang='lat' dir='ltr'>suum</span> <span class='ocrx_word' id='word_1_9' title='bbox 447 576 648 642; x_wconf 86' lang='lat' dir='ltr'>ulciscetur:</span> <span class='ocrx_word' id='word_1_10' title='bbox 670 576 871 660; x_wconf 70' lang='lat' dir='ltr'>tandemque</span> <span class='ocrx_word' id='word_1_11' title='bbox 888 580 997 662; x_wconf 77' lang='lat' dir='ltr'>placet</span> <span class='ocrx_word' id='word_1_12' title='bbox 1008 580 1231 664; x_wconf 85' lang='lat' dir='ltr'>Agamemno·</span> 
     </span>
     <span class='ocr_line' id='line_1_3' title="bbox 138 677 1230 760; baseline 0.004 -16"><span class='ocrx_word' id='word_1_13' title='bbox 138 680 176 744; x_wconf 87' lang='lat' dir='ltr'>ui</span> <span class='ocrx_word' id='word_1_14' title='bbox 190 686 224 745; x_wconf 90' lang='lat' dir='ltr'>et</span> <span class='ocrx_word' id='word_1_15' title='bbox 236 677 390 743; x_wconf 86' lang='lat' dir='ltr'>omuibus</span> <span class='ocrx_word' id='word_1_16' title='bbox 405 677 594 741; x_wconf 89' lang='lat' dir='ltr'>consilium.</span> <span class='ocrx_word' id='word_1_17' title='bbox 638 677 751 741; x_wconf 84' lang='lat' dir='ltr'>Detur</span> <span class='ocrx_word' id='word_1_18' title='bbox 768 679 937 760; x_wconf 88' lang='lat' dir='ltr'>negotium</span> <span class='ocrx_word' id='word_1_19' title='bbox 962 679 1151 747; x_wconf 78' lang='lat' dir='ltr'>Menelaoz‘</span> <span class='ocrx_word' id='word_1_20' title='bbox 1174 682 1230 747; x_wconf 86' lang='lat' dir='ltr'>hic</span> 
     </span>
     <span class='ocr_line' id='line_1_4' title="bbox 137 777 1231 866; baseline 0.002 -20"><span class='ocrx_word' id='word_1_21' title='bbox 137 782 308 863; x_wconf 58' lang='lat' dir='ltr'>Scyrum*</span> <span class='ocrx_word' id='word_1_22' title='bbox 329 778 554 857; x_wconf 81' lang='lat' dir='ltr'>proficiscitur</span> <span class='ocrx_word' id='word_1_23' title='bbox 566 777 611 842; x_wconf 89' lang='lat' dir='ltr'>ad</span> <span class='ocrx_word' id='word_1_24' title='bbox 630 778 850 862; x_wconf 75' lang='lat' dir='ltr'>Lycomedem</span> <span class='ocrx_word' id='word_1_25' title='bbox 866 799 965 844; x_wconf 84' lang='lat' dir='ltr'>avum</span> <span class='ocrx_word' id='word_1_26' title='bbox 979 780 1067 864; x_wconf 83' lang='lat' dir='ltr'>ejus:</span> <span class='ocrx_word' id='word_1_27' title='bbox 1094 783 1231 866; x_wconf 85' lang='lat' dir='ltr'>imperat</span> 
     </span>
     <span class='ocr_line' id='line_1_5' title="bbox 137 878 1232 964; baseline 0 -18"><span class='ocrx_word' id='word_1_28' title='bbox 137 885 176 946; x_wconf 88' lang='lat' dir='ltr'>ut</span> <span class='ocrx_word' id='word_1_29' title='bbox 187 889 345 964; x_wconf 78' lang='lat' dir='ltr'>nepotem</span> <span class='ocrx_word' id='word_1_30' title='bbox 359 899 457 944; x_wconf 88' lang='lat' dir='ltr'>suum</span> <span class='ocrx_word' id='word_1_31' title='bbox 472 880 593 944; x_wconf 83' lang='lat' dir='ltr'>mittat.</span> <span class='ocrx_word' id='word_1_32' title='bbox 635 878 739 958; x_wconf 85' lang='lat' dir='ltr'>Quod</span> <span class='ocrx_word' id='word_1_33' title='bbox 754 880 962 964; x_wconf 74' lang='lat' dir='ltr'>Lycomedes</span> <span class='ocrx_word' id='word_1_34' title='bbox 976 880 1111 961; x_wconf 84' lang='lat' dir='ltr'>Argivis</span> <span class='ocrx_word' id='word_1_35' title='bbox 1125 883 1232 946; x_wconf 89' lang='lat' dir='ltr'>liben-</span> 
     </span>
     <span class='ocr_line' id='line_1_6' title="bbox 139 979 1231 1065; baseline 0.002 -21"><span class='ocrx_word' id='word_1_36' title='bbox 139 987 190 1045; x_wconf 88' lang='lat' dir='ltr'>ter</span> <span class='ocrx_word' id='word_1_37' title='bbox 212 982 393 1045; x_wconf 82' lang='lat' dir='ltr'>concessit.</span> <span class='ocrx_word' id='word_1_38' title='bbox 437 980 625 1065; x_wconf 84' lang='lat' dir='ltr'>Postquam</span> <span class='ocrx_word' id='word_1_39' title='bbox 649 980 794 1046; x_wconf 66' lang='lat' dir='ltr'>induciat</span> <span class='ocrx_word' id='word_1_40' title='bbox 815 983 977 1059; x_wconf 84' lang='lat' dir='ltr'>exierunt,</span> <span class='ocrx_word' id='word_1_41' title='bbox 1000 979 1231 1063; x_wconf 78' lang='lat' dir='ltr'>Agamemnon</span> 
     </span>
    </p>
   </div>
   <div class='ocr_carea' id='block_1_3' title="bbox 29 1081 1230 1166">
    <p class='ocr_par' dir='ltr' id='par_1_3' title="bbox 29 1081 1230 1166">
     <span class='ocr_line' id='line_1_7' title="bbox 29 1081 1230 1166; baseline -0.001 -19"><span class='ocrx_word' id='word_1_42' title='bbox 29 1134 36 1147; x_wconf 88' lang='lat'>.</span> <span class='ocrx_word' id='word_1_43' title='bbox 142 1082 327 1146; x_wconf 84' lang='lat' dir='ltr'>exercitum</span> <span class='ocrx_word' id='word_1_44' title='bbox 344 1082 475 1159; x_wconf 78' lang='lat' dir='ltr'>eduxit,</span> <span class='ocrx_word' id='word_1_45' title='bbox 492 1083 636 1161; x_wconf 81' lang='lat' dir='ltr'>instruit,</span> <span class='ocrx_word' id='word_1_46' title='bbox 651 1083 809 1148; x_wconf 86' lang='lat' dir='ltr'>hortatur.</span> <span class='ocrx_word' id='word_1_47' title='bbox 853 1084 977 1148; x_wconf 88' lang='lat' dir='ltr'>Contra</span> <span class='ocrx_word' id='word_1_48' title='bbox 999 1081 1137 1166; x_wconf 83' lang='lat' dir='ltr'>Trojani</span> <span class='ocrx_word' id='word_1_49' title='bbox 1152 1103 1230 1166; x_wconf 86' lang='lat' dir='ltr'>pro·</span> 
     </span>
    </p>
   </div>
   <div class='ocr_carea' id='block_1_4' title="bbox 112 1183 1306 2685">
    <p class='ocr_par' dir='ltr' id='par_1_4' title="bbox 112 1183 1306 2685">
     <span class='ocr_line' id='line_1_8' title="bbox 140 1183 1228 1267; baseline 0.002 -21"><span class='ocrx_word' id='word_1_50' title='bbox 140 1183 261 1248; x_wconf 83' lang='lat' dir='ltr'>deant:</span> <span class='ocrx_word' id='word_1_51' title='bbox 285 1183 439 1266; x_wconf 79' lang='lat' dir='ltr'>praelium</span> <span class='ocrx_word' id='word_1_52' title='bbox 452 1184 677 1249; x_wconf 83' lang='lat' dir='ltr'>committitur.</span> <span class='ocrx_word' id='word_1_53' title='bbox 722 1183 762 1247; x_wconf 91' lang='lat' dir='ltr'>Iu</span> <span class='ocrx_word' id='word_1_54' title='bbox 785 1184 893 1266; x_wconf 86' lang='lat' dir='ltr'>prima</span> <span class='ocrx_word' id='word_1_55' title='bbox 906 1185 981 1249; x_wconf 87' lang='lat' dir='ltr'>acie</span> <span class='ocrx_word' id='word_1_56' title='bbox 995 1183 1090 1267; x_wconf 84' lang='lat' dir='ltr'>Ajux</span> <span class='ocrx_word' id='word_1_57' title='bbox 1116 1203 1228 1248; x_wconf 84' lang='lat' dir='ltr'>verse·</span> 
     </span>
     <span class='ocr_line' id='line_1_9' title="bbox 112 1284 1231 1369; baseline 0.003 -22"><span class='ocrx_word' id='word_1_58' title='bbox 112 1310 116 1313; x_wconf 96' lang='lat'>·</span> <span class='ocrx_word' id='word_1_59' title='bbox 140 1291 204 1361; x_wconf 87' lang='lat' dir='ltr'>tur,</span> <span class='ocrx_word' id='word_1_60' title='bbox 219 1284 365 1348; x_wconf 85' lang='lat' dir='ltr'>clamore</span> <span class='ocrx_word' id='word_1_61' title='bbox 377 1302 498 1366; x_wconf 79' lang='lat' dir='ltr'>magno</span> <span class='ocrx_word' id='word_1_62' title='bbox 513 1291 594 1348; x_wconf 87' lang='lat' dir='ltr'>orto.</span> <span class='ocrx_word' id='word_1_63' title='bbox 638 1284 741 1349; x_wconf 82' lang='lat' dir='ltr'>Multi</span> <span class='ocrx_word' id='word_1_64' title='bbox 759 1304 803 1349; x_wconf 87' lang='lat' dir='ltr'>ex</span> <span class='ocrx_word' id='word_1_65' title='bbox 823 1293 969 1368; x_wconf 85' lang='lat' dir='ltr'>utraque</span> <span class='ocrx_word' id='word_1_66' title='bbox 985 1292 1082 1369; x_wconf 85' lang='lat' dir='ltr'>purte</span> <span class='ocrx_word' id='word_1_67' title='bbox 1096 1285 1231 1350; x_wconf 86' lang='lat' dir='ltr'>cudunt.</span> 
     </span>
     <span class='ocr_line' id='line_1_10' title="bbox 141 1381 1306 1470; baseline 0.003 -23"><span class='ocrx_word' id='word_1_68' title='bbox 141 1381 334 1447; x_wconf 79' lang='lat' dir='ltr'>Alexander</span> <span class='ocrx_word' id='word_1_69' title='bbox 347 1403 459 1448; x_wconf 80' lang='lat' dir='ltr'>orcum</span> <span class='ocrx_word' id='word_1_70' title='bbox 473 1392 600 1463; x_wconf 88' lang='lat' dir='ltr'>tenens,</span> <span class='ocrx_word' id='word_1_71' title='bbox 615 1387 737 1450; x_wconf 88' lang='lat' dir='ltr'>multos</span> <span class='ocrx_word' id='word_1_72' title='bbox 751 1385 914 1464; x_wconf 85' lang='lat' dir='ltr'>interficit,</span> <span class='ocrx_word' id='word_1_73' title='bbox 930 1385 1050 1470; x_wconf 85' lang='lat' dir='ltr'>Ajucis</span> <span class='ocrx_word' id='word_1_74' title='bbox 1067 1387 1158 1451; x_wconf 87' lang='lat' dir='ltr'>letus</span> <span class='ocrx_word' id='word_1_75' title='bbox 1173 1406 1231 1451; x_wconf 89' lang='lat' dir='ltr'>nu·</span> <span class='ocrx_word' id='word_1_76' title='bbox 1301 1412 1306 1419; x_wconf 93' lang='lat'><strong>·</strong></span> 
     </span>
     <span class='ocr_line' id='line_1_11' title="bbox 141 1482 1230 1572; baseline 0.004 -26"><span class='ocrx_word' id='word_1_77' title='bbox 141 1483 221 1547; x_wconf 90' lang='lat' dir='ltr'>dum</span> <span class='ocrx_word' id='word_1_78' title='bbox 238 1484 319 1562; x_wconf 81' lang='lat' dir='ltr'>figit.</span> <span class='ocrx_word' id='word_1_79' title='bbox 362 1482 453 1568; x_wconf 83' lang='lat' dir='ltr'>Ajux</span> <span class='ocrx_word' id='word_1_80' title='bbox 468 1486 601 1549; x_wconf 86' lang='lat' dir='ltr'>saucius</span> <span class='ocrx_word' id='word_1_81' title='bbox 616 1505 678 1570; x_wconf 85' lang='lat' dir='ltr'>per</span> <span class='ocrx_word' id='word_1_82' title='bbox 691 1487 807 1552; x_wconf 87' lang='lat' dir='ltr'>hostes</span> <span class='ocrx_word' id='word_1_83' title='bbox 822 1488 981 1572; x_wconf 86' lang='lat' dir='ltr'>persequi</span> <span class='ocrx_word' id='word_1_84' title='bbox 997 1486 1230 1552; x_wconf 83' lang='lat' dir='ltr'>Alexandrum</span> 
     </span>
     <span class='ocr_line' id='line_1_12' title="bbox 139 1586 1229 1671; baseline 0.001 -20"><span class='ocrx_word' id='word_1_85' title='bbox 139 1588 266 1669; x_wconf 75' lang='lat' dir='ltr'>coepit:</span> <span class='ocrx_word' id='word_1_86' title='bbox 290 1604 353 1649; x_wconf 90' lang='lat' dir='ltr'>nec</span> <span class='ocrx_word' id='word_1_87' title='bbox 366 1586 504 1663; x_wconf 86' lang='lat' dir='ltr'>destitit,</span> <span class='ocrx_word' id='word_1_88' title='bbox 516 1588 583 1650; x_wconf 82' lang='lat' dir='ltr'>uisi</span> <span class='ocrx_word' id='word_1_89' title='bbox 598 1592 832 1670; x_wconf 83' lang='lat' dir='ltr'>prosterneret.</span> <span class='ocrx_word' id='word_1_90' title='bbox 861 1586 954 1671; x_wconf 84' lang='lat' dir='ltr'>Ajax</span> <span class='ocrx_word' id='word_1_91' title='bbox 970 1587 1078 1652; x_wconf 83' lang='lat' dir='ltr'>sessus</span> <span class='ocrx_word' id='word_1_92' title='bbox 1090 1588 1229 1652; x_wconf 84' lang='lat' dir='ltr'>vulnere</span> 
     </span>
     <span class='ocr_line' id='line_1_13' title="bbox 138 1686 1236 1769; baseline 0.003 -19"><span class='ocrx_word' id='word_1_93' title='bbox 138 1686 303 1751; x_wconf 88' lang='lat' dir='ltr'>iucastra</span> <span class='ocrx_word' id='word_1_94' title='bbox 317 1686 462 1752; x_wconf 74' lang='lat' dir='ltr'>retertur.</span> <span class='ocrx_word' id='word_1_95' title='bbox 505 1686 635 1769; x_wconf 80' lang='lat' dir='ltr'>Sagitta</span> <span class='ocrx_word' id='word_1_96' title='bbox 648 1696 784 1752; x_wconf 86' lang='lat' dir='ltr'>exemtu</span> <span class='ocrx_word' id='word_1_97' title='bbox 799 1690 909 1752; x_wconf 87' lang='lat' dir='ltr'>statim</span> <span class='ocrx_word' id='word_1_98' title='bbox 924 1690 1087 1753; x_wconf 66' lang='lat' dir='ltr'>moritur:</span> <span class='ocrx_word' id='word_1_99' title='bbox 1118 1688 1236 1766; x_wconf 67' lang='lat' dir='ltr'>Alex·⁴</span> 
     </span>
     <span class='ocr_line' id='line_1_14' title="bbox 139 1787 1230 1871; baseline 0.004 -20"><span class='ocrx_word' id='word_1_100' title='bbox 139 1788 236 1852; x_wconf 86' lang='lat' dir='ltr'>andri</span> <span class='ocrx_word' id='word_1_101' title='bbox 251 1808 374 1871; x_wconf 81' lang='lat' dir='ltr'>corpus</span> <span class='ocrx_word' id='word_1_102' title='bbox 387 1788 431 1852; x_wconf 89' lang='lat' dir='ltr'>ad</span> <span class='ocrx_word' id='word_1_103' title='bbox 443 1790 556 1853; x_wconf 89' lang='lat' dir='ltr'>urbem</span> <span class='ocrx_word' id='word_1_104' title='bbox 573 1788 744 1855; x_wconf 67' lang='lat' dir='ltr'>refertur.v</span> <span class='ocrx_word' id='word_1_105' title='bbox 787 1787 984 1852; x_wconf 77' lang='lat' dir='ltr'>Alexandro</span> <span class='ocrx_word' id='word_1_106' title='bbox 999 1791 1126 1866; x_wconf 90' lang='lat' dir='ltr'>occiso,</span> <span class='ocrx_word' id='word_1_107' title='bbox 1145 1791 1230 1855; x_wconf 90' lang='lat' dir='ltr'>Dio-</span> 
     </span>
     <span class='ocr_line' id='line_1_15' title="bbox 140 1888 1232 1973; baseline 0 -21"><span class='ocrx_word' id='word_1_108' title='bbox 140 1889 257 1952; x_wconf 85' lang='lat' dir='ltr'>medes</span> <span class='ocrx_word' id='word_1_109' title='bbox 267 1906 389 1970; x_wconf 89' lang='lat' dir='ltr'>maguo</span> <span class='ocrx_word' id='word_1_110' title='bbox 403 1890 510 1953; x_wconf 89' lang='lat' dir='ltr'>auimo</span> <span class='ocrx_word' id='word_1_111' title='bbox 524 1890 558 1953; x_wconf 87' lang='lat' dir='ltr'>in</span> <span class='ocrx_word' id='word_1_112' title='bbox 573 1890 687 1953; x_wconf 89' lang='lat' dir='ltr'>hostes</span> <span class='ocrx_word' id='word_1_113' title='bbox 699 1889 950 1972; x_wconf 88' lang='lat' dir='ltr'>impressionem</span> <span class='ocrx_word' id='word_1_114' title='bbox 964 1888 1057 1952; x_wconf 84' lang='lat' dir='ltr'>facit.</span> <span class='ocrx_word' id='word_1_115' title='bbox 1083 1888 1232 1973; x_wconf 78' lang='lat' dir='ltr'>Phryges</span> 
     </span>
     <span class='ocr_line' id='line_1_16' title="bbox 140 1987 1231 2075; baseline 0.005 -26"><span class='ocrx_word' id='word_1_116' title='bbox 140 1987 224 2053; x_wconf 78' lang='lat' dir='ltr'>terei</span> <span class='ocrx_word' id='word_1_117' title='bbox 238 1988 275 2052; x_wconf 91' lang='lat' dir='ltr'>in</span> <span class='ocrx_word' id='word_1_118' title='bbox 296 1989 409 2054; x_wconf 87' lang='lat' dir='ltr'>urbem</span> <span class='ocrx_word' id='word_1_119' title='bbox 429 1991 632 2074; x_wconf 81' lang='lat' dir='ltr'>confugiunt,</span> <span class='ocrx_word' id='word_1_120' title='bbox 647 2011 734 2075; x_wconf 88' lang='lat' dir='ltr'>quos</span> <span class='ocrx_word' id='word_1_121' title='bbox 749 1989 929 2056; x_wconf 88' lang='lat' dir='ltr'>Diomedes</span> <span class='ocrx_word' id='word_1_122' title='bbox 943 2009 1051 2071; x_wconf 90' lang='lat' dir='ltr'>usque</span> <span class='ocrx_word' id='word_1_123' title='bbox 1067 1990 1100 2052; x_wconf 91' lang='lat' dir='ltr'>in</span> <span class='ocrx_word' id='word_1_124' title='bbox 1114 1991 1231 2054; x_wconf 89' lang='lat' dir='ltr'>urbem</span> 
     </span>
     <span class='ocr_line' id='line_1_17' title="bbox 138 2090 1230 2175; baseline 0.005 -22"><span class='ocrx_word' id='word_1_125' title='bbox 138 2090 364 2173; x_wconf 84' lang='lat' dir='ltr'>persequitur.</span> <span class='ocrx_word' id='word_1_126' title='bbox 393 2091 620 2175; x_wconf 86' lang='lat' dir='ltr'>Agamemnon</span> <span class='ocrx_word' id='word_1_127' title='bbox 635 2095 817 2159; x_wconf 84' lang='lat' dir='ltr'>exercitum</span> <span class='ocrx_word' id='word_1_128' title='bbox 833 2094 921 2158; x_wconf 81' lang='lat' dir='ltr'>circa</span> <span class='ocrx_word' id='word_1_129' title='bbox 937 2091 1099 2175; x_wconf 83' lang='lat' dir='ltr'>oppidum</span> <span class='ocrx_word' id='word_1_130' title='bbox 1114 2090 1230 2171; x_wconf 85' lang='lat' dir='ltr'>docit,¹</span> 
     </span>
     <span class='ocr_line' id='line_1_18' title="bbox 137 2193 1232 2272; baseline 0.002 -19"><span class='ocrx_word' id='word_1_131' title='bbox 137 2197 173 2255; x_wconf 90' lang='lat' dir='ltr'>et</span> <span class='ocrx_word' id='word_1_132' title='bbox 194 2198 268 2257; x_wconf 89' lang='lat' dir='ltr'>tota</span> <span class='ocrx_word' id='word_1_133' title='bbox 290 2200 390 2258; x_wconf 84' lang='lat' dir='ltr'>nocte</span> <span class='ocrx_word' id='word_1_134' title='bbox 408 2194 499 2258; x_wconf 86' lang='lat' dir='ltr'>circa</span> <span class='ocrx_word' id='word_1_135' title='bbox 515 2215 643 2259; x_wconf 88' lang='lat' dir='ltr'>murum</span> <span class='ocrx_word' id='word_1_136' title='bbox 660 2195 804 2272; x_wconf 86' lang='lat' dir='ltr'>obsidet,</span> <span class='ocrx_word' id='word_1_137' title='bbox 822 2199 857 2259; x_wconf 90' lang='lat' dir='ltr'>et</span> <span class='ocrx_word' id='word_1_138' title='bbox 870 2201 965 2257; x_wconf 82' lang='lat' dir='ltr'>curet</span> <span class='ocrx_word' id='word_1_139' title='bbox 978 2193 1166 2258; x_wconf 78' lang='lat' dir='ltr'>uteltemis</span> <span class='ocrx_word' id='word_1_140' title='bbox 1181 2195 1232 2256; x_wconf 87' lang='lat' dir='ltr'>vi-</span> 
     </span>
     <span class='ocr_line' id='line_1_19' title="bbox 137 2292 1231 2380; baseline 0.003 -25"><span class='ocrx_word' id='word_1_141' title='bbox 137 2293 236 2357; x_wconf 86' lang='lat' dir='ltr'>cibus</span> <span class='ocrx_word' id='word_1_142' title='bbox 249 2293 428 2376; x_wconf 84' lang='lat' dir='ltr'>diligenter</span> <span class='ocrx_word' id='word_1_143' title='bbox 442 2296 575 2378; x_wconf 85' lang='lat' dir='ltr'>vigilias</span> <span class='ocrx_word' id='word_1_144' title='bbox 590 2303 702 2380; x_wconf 84' lang='lat' dir='ltr'>agunt.</span> <span class='ocrx_word' id='word_1_145' title='bbox 731 2297 875 2361; x_wconf 79' lang='lat' dir='ltr'>Postera</span> <span class='ocrx_word' id='word_1_146' title='bbox 889 2295 943 2358; x_wconf 89' lang='lat' dir='ltr'>die</span> <span class='ocrx_word' id='word_1_147' title='bbox 957 2292 1111 2357; x_wconf 87' lang='lat' dir='ltr'>Priamus</span> <span class='ocrx_word' id='word_1_148' title='bbox 1125 2292 1231 2358; x_wconf 88' lang='lat' dir='ltr'>Alex·</span> 
     </span>
     <span class='ocr_line' id='line_1_20' title="bbox 137 2393 1231 2482; baseline 0.005 -27"><span class='ocrx_word' id='word_1_149' title='bbox 137 2393 278 2458; x_wconf 84' lang='lat' dir='ltr'>andrum</span> <span class='ocrx_word' id='word_1_150' title='bbox 301 2396 337 2461; x_wconf 91' lang='lat' dir='ltr'>in</span> <span class='ocrx_word' id='word_1_151' title='bbox 363 2398 491 2481; x_wconf 87' lang='lat' dir='ltr'>oppido</span> <span class='ocrx_word' id='word_1_152' title='bbox 515 2400 649 2482; x_wconf 89' lang='lat' dir='ltr'>sepelit,</span> <span class='ocrx_word' id='word_1_153' title='bbox 669 2418 767 2482; x_wconf 89' lang='lat' dir='ltr'>quem</span> <span class='ocrx_word' id='word_1_154' title='bbox 789 2415 910 2479; x_wconf 83' lang='lat' dir='ltr'>magno</span> <span class='ocrx_word' id='word_1_155' title='bbox 938 2395 1070 2459; x_wconf 84' lang='lat' dir='ltr'>ulnlutu</span> <span class='ocrx_word' id='word_1_156' title='bbox 1096 2394 1231 2461; x_wconf 87' lang='lat' dir='ltr'>Helena</span> 
     </span>
     <span class='ocr_line' id='line_1_21' title="bbox 137 2493 1231 2582; baseline 0.002 -25"><span class='ocrx_word' id='word_1_157' title='bbox 137 2504 320 2576; x_wconf 78' lang='lat' dir='ltr'>prosecuta</span> <span class='ocrx_word' id='word_1_158' title='bbox 333 2503 397 2574; x_wconf 87' lang='lat' dir='ltr'>est,</span> <span class='ocrx_word' id='word_1_159' title='bbox 406 2500 567 2582; x_wconf 89' lang='lat' dir='ltr'>quoniam</span> <span class='ocrx_word' id='word_1_160' title='bbox 584 2502 627 2565; x_wconf 87' lang='lat' dir='ltr'>ab</span> <span class='ocrx_word' id='word_1_161' title='bbox 639 2520 681 2566; x_wconf 89' lang='lat' dir='ltr'>eo</span> <span class='ocrx_word' id='word_1_162' title='bbox 692 2497 871 2564; x_wconf 85' lang='lat' dir='ltr'>honorifice</span> <span class='ocrx_word' id='word_1_163' title='bbox 885 2502 1028 2561; x_wconf 80' lang='lat' dir='ltr'>tractata</span> <span class='ocrx_word' id='word_1_164' title='bbox 1042 2496 1096 2560; x_wconf 82' lang='lat' dir='ltr'>sit</span> <span class='ocrx_word' id='word_1_165' title='bbox 1119 2493 1231 2573; x_wconf 87' lang='lat' dir='ltr'>Quam</span> 
     </span>
     <span class='ocr_line' id='line_1_22' title="bbox 138 2593 1232 2685; baseline 0.002 -27"><span class='ocrx_word' id='word_1_166' title='bbox 138 2593 292 2662; x_wconf 88' lang='lat' dir='ltr'>Priamus</span> <span class='ocrx_word' id='word_1_167' title='bbox 304 2606 341 2663; x_wconf 87' lang='lat' dir='ltr'>et</span> <span class='ocrx_word' id='word_1_168' title='bbox 361 2598 507 2664; x_wconf 88' lang='lat' dir='ltr'>Hecuba</span> <span class='ocrx_word' id='word_1_169' title='bbox 520 2608 560 2665; x_wconf 93' lang='lat' dir='ltr'>ut</span> <span class='ocrx_word' id='word_1_170' title='bbox 572 2600 678 2666; x_wconf 84' lang='lat' dir='ltr'>filiern</span> <span class='ocrx_word' id='word_1_171' title='bbox 694 2603 906 2685; x_wconf 86' lang='lat' dir='ltr'>aspexerunt,</span> <span class='ocrx_word' id='word_1_172' title='bbox 924 2603 956 2662; x_wconf 91' lang='lat' dir='ltr'>et</span> <span class='ocrx_word' id='word_1_173' title='bbox 978 2594 1150 2680; x_wconf 84' lang='lat' dir='ltr'>diligenter</span> <span class='ocrx_word' id='word_1_174' title='bbox 1172 2615 1232 2661; x_wconf 87' lang='lat' dir='ltr'>cu·</span> 
     </span>
    </p>
   </div>
   <div class='ocr_carea' id='block_1_5' title="bbox 595 2810 772 2832">
    <p class='ocr_par' dir='ltr' id='par_1_5' title="bbox 595 2810 772 2832">
     <span class='ocr_line' id='line_1_23' title="bbox 595 2810 772 2832; baseline -0.011 0"><span class='ocrx_word' id='word_1_175' title='bbox 595 2810 772 2832; x_wconf 56' lang='lat' dir='ltr'>emovente</span> 
     </span>
    </p>
   </div>
   <div class='ocr_carea' id='block_1_6' title="bbox 165 2956 741 3136">
    <p class='ocr_par' dir='ltr' id='par_1_6' title="bbox 165 2956 741 3136">
     <span class='ocr_line' id='line_1_24' title="bbox 165 2956 615 3024; baseline 0.004 -18"><span class='ocrx_word' id='word_1_176' title='bbox 165 2960 183 3006; x_wconf 79' lang='lat'>2</span> <span class='ocrx_word' id='word_1_177' title='bbox 200 2956 331 3022; x_wconf 57' lang='lat' dir='ltr'>fluitet</span> <span class='ocrx_word' id='word_1_178' title='bbox 341 2971 402 3008; x_wconf 85' lang='lat' dir='ltr'>mox</span> <span class='ocrx_word' id='word_1_179' title='bbox 412 2959 511 3024; x_wconf 78' lang='lat' dir='ltr'>olredit,</span> <span class='ocrx_word' id='word_1_180' title='bbox 521 2957 615 3023; x_wconf 78' lang='lat' dir='ltr'>Delph.</span> 
     </span>
     <span class='ocr_line' id='line_1_25' title="bbox 634 3085 741 3136; baseline -0.019 0"><span class='ocrx_word' id='word_1_181' title='bbox 634 3085 741 3136; x_wconf 79' lang='lat' dir='ltr'>NOTAE</span> 
     </span>
    </p>
   </div>
   <div class='ocr_carea' id='block_1_7' title="bbox 118 3206 1297 4260">
    <p class='ocr_par' dir='ltr' id='par_1_7' title="bbox 132 3206 1297 3430">
     <span class='ocr_line' id='line_1_26' title="bbox 165 3206 1297 3278; baseline -0.013 -9"><span class='ocrx_word' id='word_1_182' title='bbox 165 3215 280 3264; x_wconf 62' lang='lat' dir='ltr'>‘Detur</span> <span class='ocrx_word' id='word_1_183' title='bbox 288 3214 408 3276; x_wconf 56' lang='lat' dir='ltr'>notium</span> <span class='ocrx_word' id='word_1_184' title='bbox 419 3215 539 3278; x_wconf 77' lang='lat' dir='ltr'>Menelao]</span> <span class='ocrx_word' id='word_1_185' title='bbox 562 3216 667 3266; x_wconf 80' lang='lat' dir='ltr'>ExHo·</span> <span class='ocrx_word' id='word_1_186' title='bbox 706 3215 887 3278; x_wconf 77' lang='lat' dir='ltr'>alll,Trojanis</span> <span class='ocrx_word' id='word_1_187' title='bbox 901 3210 1031 3260; x_wconf 77' lang='lat' dir='ltr'>oraculum</span> <span class='ocrx_word' id='word_1_188' title='bbox 1046 3206 1142 3256; x_wconf 84' lang='lat' dir='ltr'>editum</span> <span class='ocrx_word' id='word_1_189' title='bbox 1155 3206 1233 3255; x_wconf 87' lang='lat' dir='ltr'>otlo·</span> <span class='ocrx_word' id='word_1_190' title='bbox 1292 3263 1297 3269; x_wconf 24' lang='lat'>⁴</span> 
     </span>
     <span class='ocr_line' id='line_1_27' title="bbox 132 3279 1232 3355; baseline -0.019 -4"><span class='ocrx_word' id='word_1_191' title='bbox 132 3286 360 3349; x_wconf 57' lang='lat' dir='ltr'>”²¹⁰2‘Athilliss</span> <span class='ocrx_word' id='word_1_192' title='bbox 387 3290 428 3339; x_wconf 84' lang='lat' dir='ltr'>Ex</span> <span class='ocrx_word' id='word_1_193' title='bbox 436 3291 668 3355; x_wconf 71' lang='lat' dir='ltr'>Sophocl.⁴Aclril·</span> <span class='ocrx_word' id='word_1_194' title='bbox 708 3279 1232 3349; x_wconf 80' lang='lat' dir='ltr'>toeumroeuoquepeterent,(ierroeuim</span> 
     </span>
     <span class='ocr_line' id='line_1_28' title="bbox 132 3357 1233 3430; baseline -0.023 1"><span class='ocrx_word' id='word_1_195' title='bbox 132 3366 152 3415; x_wconf 66' lang='lat'>¹5</span> <span class='ocrx_word' id='word_1_196' title='bbox 165 3373 197 3414; x_wconf 72' lang='lat'>²¹</span> <span class='ocrx_word' id='word_1_197' title='bbox 209 3362 345 3412; x_wconf 50' lang='lat' dir='ltr'>Pm&#39;ssi’</span> <span class='ocrx_word' id='word_1_198' title='bbox 707 3366 837 3416; x_wconf 80' lang='lat' dir='ltr'>vulnerari</span> <span class='ocrx_word' id='word_1_199' title='bbox 851 3378 903 3412; x_wconf 86' lang='lat' dir='ltr'>aon</span> <span class='ocrx_word' id='word_1_200' title='bbox 914 3357 1043 3425; x_wconf 78' lang='lat' dir='ltr'>poterat,)</span> <span class='ocrx_word' id='word_1_201' title='bbox 1058 3364 1085 3407; x_wconf 87' lang='lat' dir='ltr'>et</span> <span class='ocrx_word' id='word_1_202' title='bbox 1097 3357 1233 3430; x_wconf 81' lang='lat' dir='ltr'>hocmcdo</span> 
     </span>
    </p>

    <p class='ocr_par' dir='ltr' id='par_1_8' title="bbox 125 3432 1236 3885">
     <span class='ocr_line' id='line_1_29' title="bbox 167 3432 1233 3505; baseline -0.023 0"><span class='ocrx_word' id='word_1_203' title='bbox 167 3450 181 3475; x_wconf 81' lang='lat'>⁸</span> <span class='ocrx_word' id='word_1_204' title='bbox 198 3440 302 3503; x_wconf 53' lang='grc' dir='ltr'>ΜΝ</span> <span class='ocrx_word' id='word_1_205' title='bbox 311 3440 479 3505; x_wconf 62' lang='lat' dir='ltr'>flrffleiuitr]</span> <span class='ocrx_word' id='word_1_206' title='bbox 503 3442 597 3493; x_wconf 82' lang='lat' dir='ltr'>Obiter</span> <span class='ocrx_word' id='word_1_207' title='bbox 615 3457 668 3492; x_wconf 90' lang='lat' dir='ltr'>nro·</span> <span class='ocrx_word' id='word_1_208' title='bbox 707 3442 812 3492; x_wconf 79' lang='lat' dir='ltr'>obiisse.</span> <span class='ocrx_word' id='word_1_209' title='bbox 836 3437 888 3488; x_wconf 82' lang='lat' dir='ltr'>Alli</span> <span class='ocrx_word' id='word_1_210' title='bbox 899 3448 985 3485; x_wconf 83' lang='lat' dir='ltr'>rurrns</span> <span class='ocrx_word' id='word_1_211' title='bbox 996 3447 1054 3483; x_wconf 84' lang='lat' dir='ltr'>enm</span> <span class='ocrx_word' id='word_1_212' title='bbox 1066 3432 1233 3481; x_wconf 83' lang='lat' dir='ltr'>sibimortem</span> 
     </span>
     <span class='ocr_line' id='line_1_30' title="bbox 129 3508 1234 3581; baseline -0.018 -3"><span class='ocrx_word' id='word_1_213' title='bbox 129 3515 240 3569; x_wconf 67' lang='grc' dir='ltr'>Μθῦί</span> <span class='ocrx_word' id='word_1_214' title='bbox 259 3529 298 3577; x_wconf 70' lang='lat'>0⁸2</span> <span class='ocrx_word' id='word_1_215' title='bbox 319 3515 413 3572; x_wconf 84' lang='lat' dir='ltr'>lector,</span> <span class='ocrx_word' id='word_1_216' title='bbox 430 3518 538 3581; x_wconf 79' lang='lat' dir='ltr'>Scyrum</span> <span class='ocrx_word' id='word_1_217' title='bbox 559 3519 668 3568; x_wconf 77' lang='lat' dir='ltr'>insolam</span> <span class='ocrx_word' id='word_1_218' title='bbox 708 3516 862 3568; x_wconf 71' lang='lat' dir='ltr'>conmisisse</span> <span class='ocrx_word' id='word_1_219' title='bbox 872 3510 1016 3569; x_wconf 55' lang='lat' dir='ltr'>offirmtum</span> <span class='ocrx_word' id='word_1_220' title='bbox 1039 3522 1145 3574; x_wconf 84' lang='lat' dir='ltr'>quorum</span> <span class='ocrx_word' id='word_1_221' title='bbox 1157 3508 1234 3559; x_wconf 78' lang='lat' dir='ltr'>estin</span> 
     </span>
     <span class='ocr_line' id='line_1_31' title="bbox 125 3580 1236 3653; baseline -0.011 -8"><span class='ocrx_word' id='word_1_222' title='bbox 125 3592 247 3645; x_wconf 79' lang='lat' dir='ltr'>mediam</span> <span class='ocrx_word' id='word_1_223' title='bbox 256 3592 327 3641; x_wconf 85' lang='lat' dir='ltr'>iuter</span> <span class='ocrx_word' id='word_1_224' title='bbox 335 3590 457 3641; x_wconf 73' lang='lat' dir='ltr'>Euboan</span> <span class='ocrx_word' id='word_1_225' title='bbox 465 3593 599 3643; x_wconf 81' lang='lat' dir='ltr'>etLesbon</span> <span class='ocrx_word' id='word_1_226' title='bbox 607 3593 668 3642; x_wconf 83' lang='lat' dir='ltr'>clim</span> <span class='ocrx_word' id='word_1_227' title='bbox 708 3605 814 3643; x_wconf 86' lang='lat' dir='ltr'>numero</span> <span class='ocrx_word' id='word_1_228' title='bbox 825 3584 985 3653; x_wconf 66' lang='lat' dir='ltr'>Sophocles!</span> <span class='ocrx_word' id='word_1_229' title='bbox 1012 3583 1079 3634; x_wconf 83' lang='lat' dir='ltr'>Vide</span> <span class='ocrx_word' id='word_1_230' title='bbox 1088 3580 1158 3648; x_wconf 81' lang='lat' dir='ltr'>apud</span> <span class='ocrx_word' id='word_1_231' title='bbox 1170 3583 1236 3634; x_wconf 86' lang='lat' dir='ltr'>Dic·</span> 
     </span>
     <span class='ocr_line' id='line_1_32' title="bbox 126 3667 802 3734; baseline -0.01 -11"><span class='ocrx_word' id='word_1_232' title='bbox 126 3670 225 3722; x_wconf 67' lang='lat' dir='ltr'>fuine.</span> <span class='ocrx_word' id='word_1_233' title='bbox 246 3667 327 3719; x_wconf 82' lang='lat' dir='ltr'>Unde</span> <span class='ocrx_word' id='word_1_234' title='bbox 339 3669 526 3720; x_wconf 78' lang='lat' dir='ltr'>animadvertas</span> <span class='ocrx_word' id='word_1_235' title='bbox 538 3672 667 3720; x_wconf 78' lang='lat' dir='ltr'>solennem</span> <span class='ocrx_word' id='word_1_236' title='bbox 708 3676 764 3734; x_wconf 89' lang='lat' dir='ltr'>tyn,</span> <span class='ocrx_word' id='word_1_237' title='bbox 775 3683 802 3718; x_wconf 84' lang='lat' dir='ltr'>r.</span> 
     </span>
     <span class='ocr_line' id='line_1_33' title="bbox 127 3735 1236 3809; baseline -0.008 -14"><span class='ocrx_word' id='word_1_238' title='bbox 127 3745 286 3795; x_wconf 67' lang='lat' dir='ltr'>tabularum</span> <span class='ocrx_word' id='word_1_239' title='bbox 296 3742 537 3808; x_wconf 76' lang='lat' dir='ltr'>Geogrrplrierrom</span> <span class='ocrx_word' id='word_1_240' title='bbox 545 3760 668 3809; x_wconf 80' lang='lat' dir='ltr'>errorem,</span> <span class='ocrx_word' id='word_1_241' title='bbox 740 3751 756 3776; x_wconf 80' lang='lat'>&#39;¹</span> <span class='ocrx_word' id='word_1_242' title='bbox 773 3736 1138 3803; x_wconf 72' lang='lat' dir='ltr'>Alexandrirorptruderlem]</span> <span class='ocrx_word' id='word_1_243' title='bbox 1157 3735 1236 3786; x_wconf 84' lang='lat' dir='ltr'>Alex·</span> 
     </span>
     <span class='ocr_line' id='line_1_34' title="bbox 128 3811 1235 3885; baseline -0.01 -14"><span class='ocrx_word' id='word_1_244' title='bbox 128 3820 179 3870; x_wconf 78' lang='lat' dir='ltr'>ubl</span> <span class='ocrx_word' id='word_1_245' title='bbox 188 3820 288 3881; x_wconf 76' lang='lat' dir='ltr'>scyno</span> <span class='ocrx_word' id='word_1_246' title='bbox 299 3818 400 3868; x_wconf 80' lang='lat' dir='ltr'>Euboet</span> <span class='ocrx_word' id='word_1_247' title='bbox 411 3822 527 3883; x_wconf 78' lang='lat' dir='ltr'>proxima</span> <span class='ocrx_word' id='word_1_248' title='bbox 538 3822 653 3885; x_wconf 82' lang='lat' dir='ltr'>ponitur.</span> <span class='ocrx_word' id='word_1_249' title='bbox 708 3819 817 3869; x_wconf 81' lang='lat' dir='ltr'>andrum</span> <span class='ocrx_word' id='word_1_250' title='bbox 831 3815 864 3867; x_wconf 81' lang='lat' dir='ltr'>&#39;ab</span> <span class='ocrx_word' id='word_1_251' title='bbox 875 3815 957 3879; x_wconf 78' lang='lat' dir='ltr'>Ajrce</span> <span class='ocrx_word' id='word_1_252' title='bbox 968 3813 1080 3863; x_wconf 78' lang='lat' dir='ltr'>occisum</span> <span class='ocrx_word' id='word_1_253' title='bbox 1097 3811 1171 3871; x_wconf 84' lang='lat' dir='ltr'>dicit,</span> <span class='ocrx_word' id='word_1_254' title='bbox 1189 3826 1235 3860; x_wconf 89' lang='lat' dir='ltr'>ne·</span> 
     </span>
    </p>

    <p class='ocr_par' dir='ltr' id='par_1_9' title="bbox 118 3886 1237 4260">
     <span class='ocr_line' id='line_1_35' title="bbox 167 3886 1235 3965; baseline -0.022 -8"><span class='ocrx_word' id='word_1_255' title='bbox 167 3903 180 3927; x_wconf 88' lang='lat'>&#39;</span> <span class='ocrx_word' id='word_1_256' title='bbox 208 3893 309 3955; x_wconf 59' lang='lat' dir='ltr'>We</span> <span class='ocrx_word' id='word_1_257' title='bbox 334 3900 429 3945; x_wconf 68' lang='lat' dir='ltr'>exemto</span> <span class='ocrx_word' id='word_1_258' title='bbox 453 3898 537 3947; x_wconf 65' lang='lat' dir='ltr'>mutia</span> <span class='ocrx_word' id='word_1_259' title='bbox 555 3899 668 3965; x_wconf 73' lang='lat' dir='ltr'>moriter]</span> <span class='ocrx_word' id='word_1_260' title='bbox 709 3896 835 3960; x_wconf 81' lang='lat' dir='ltr'>miuquor</span> <span class='ocrx_word' id='word_1_261' title='bbox 850 3899 969 3942; x_wconf 79' lang='lat' dir='ltr'>auctores</span> <span class='ocrx_word' id='word_1_262' title='bbox 985 3894 1104 3938; x_wconf 81' lang='lat' dir='ltr'>secutur:</span> <span class='ocrx_word' id='word_1_263' title='bbox 1122 3886 1235 3935; x_wconf 83' lang='lat' dir='ltr'>uomulil</span> 
     </span>
     <span class='ocr_line' id='line_1_36' title="bbox 128 3962 1237 4039; baseline -0.024 -4"><span class='ocrx_word' id='word_1_264' title='bbox 128 3969 246 4021; x_wconf 59' lang='grc' dir='ltr'>ΛΜΝ</span> <span class='ocrx_word' id='word_1_265' title='bbox 261 3970 406 4030; x_wconf 66' lang='grc' dir='ltr'>ῑῑῑῦωῑῦῐί</span> <span class='ocrx_word' id='word_1_266' title='bbox 422 3971 448 4019; x_wconf 76' lang='lat' dir='ltr'>lu</span> <span class='ocrx_word' id='word_1_267' title='bbox 463 3971 596 4036; x_wconf 76' lang='lat' dir='ltr'>Sophocli·</span> <span class='ocrx_word' id='word_1_268' title='bbox 610 3975 670 4039; x_wconf 79' lang='lat' dir='ltr'>Ajr·</span> <span class='ocrx_word' id='word_1_269' title='bbox 708 3986 797 4022; x_wconf 73' lang='lat' dir='ltr'>omnes</span> <span class='ocrx_word' id='word_1_270' title='bbox 806 3969 922 4021; x_wconf 78' lang='lat' dir='ltr'>scribunt</span> <span class='ocrx_word' id='word_1_271' title='bbox 934 3979 992 4016; x_wconf 86' lang='lat' dir='ltr'>eum</span> <span class='ocrx_word' id='word_1_272' title='bbox 1009 3978 1025 4013; x_wconf 81' lang='lat' dir='ltr'>a</span> <span class='ocrx_word' id='word_1_273' title='bbox 1041 3963 1186 4013; x_wconf 79' lang='lat' dir='ltr'>Philoctete</span> <span class='ocrx_word' id='word_1_274' title='bbox 1197 3962 1237 4010; x_wconf 88' lang='lat' dir='ltr'>ln·</span> 
     </span>
     <span class='ocr_line' id='line_1_37' title="bbox 126 4038 1236 4112; baseline -0.01 -15"><span class='ocrx_word' id='word_1_275' title='bbox 126 4058 195 4097; x_wconf 77' lang='lat' dir='ltr'>ectu</span> <span class='ocrx_word' id='word_1_276' title='bbox 218 4040 259 4091; x_wconf 76' lang='lat' dir='ltr'>ita</span> <span class='ocrx_word' id='word_1_277' title='bbox 276 4043 378 4095; x_wconf 78' lang='lat' dir='ltr'>scribit:</span> <span class='ocrx_word' id='word_1_278' title='bbox 403 4045 460 4094; x_wconf 81' lang='lat' dir='ltr'>‘lle</span> <span class='ocrx_word' id='word_1_279' title='bbox 477 4055 562 4097; x_wconf 84' lang='lat' dir='ltr'>morte</span> <span class='ocrx_word' id='word_1_280' title='bbox 582 4047 670 4112; x_wconf 81' lang='lat' dir='ltr'>Ajacir</span> <span class='ocrx_word' id='word_1_281' title='bbox 709 4046 847 4098; x_wconf 77' lang='lat' dir='ltr'>terfectum</span> <span class='ocrx_word' id='word_1_282' title='bbox 858 4043 956 4093; x_wconf 78' lang='lat' dir='ltr'>fuisse:</span> <span class='ocrx_word' id='word_1_283' title='bbox 976 4040 1034 4090; x_wconf 82' lang='lat' dir='ltr'>ride</span> <span class='ocrx_word' id='word_1_284' title='bbox 1047 4038 1113 4102; x_wconf 80' lang='lat' dir='ltr'>epod</span> <span class='ocrx_word' id='word_1_285' title='bbox 1126 4038 1236 4102; x_wconf 85' lang='lat' dir='ltr'>Dictyn.</span> 
     </span>
     <span class='ocr_line' id='line_1_38' title="bbox 122 4112 1236 4187; baseline -0.021 -3"><span class='ocrx_word' id='word_1_286' title='bbox 122 4118 244 4171; x_wconf 58' lang='grc' dir='ltr'>ΨΜ(</span> <span class='ocrx_word' id='word_1_287' title='bbox 272 4117 340 4179; x_wconf 69' lang='lat' dir='ltr'>⁸llud</span> <span class='ocrx_word' id='word_1_288' title='bbox 366 4125 487 4171; x_wconf 80' lang='lat' dir='ltr'>auctores</span> <span class='ocrx_word' id='word_1_289' title='bbox 514 4123 668 4173; x_wconf 68' lang='lat' dir='ltr'>sententie:</span> <span class='ocrx_word' id='word_1_290' title='bbox 710 4124 791 4180; x_wconf 83' lang='lat' dir='ltr'>Solus,</span> <span class='ocrx_word' id='word_1_291' title='bbox 803 4119 968 4187; x_wconf 71' lang='lat' dir='ltr'>quodetiam,</span> <span class='ocrx_word' id='word_1_292' title='bbox 985 4116 1154 4180; x_wconf 71' lang='lat' dir='ltr'>Hephaestion</span> <span class='ocrx_word' id='word_1_293' title='bbox 1168 4112 1236 4163; x_wconf 82' lang='lat' dir='ltr'>adir-</span> 
     </span>
     <span class='ocr_line' id='line_1_39' title="bbox 118 4188 1236 4260; baseline -0.015 -10"><span class='ocrx_word' id='word_1_294' title='bbox 118 4198 169 4250; x_wconf 78' lang='lat' dir='ltr'>alii</span> <span class='ocrx_word' id='word_1_295' title='bbox 182 4196 269 4246; x_wconf 75' lang='lat' dir='ltr'>aium</span> <span class='ocrx_word' id='word_1_296' title='bbox 280 4207 295 4241; x_wconf 79' lang='lat' dir='ltr'>a</span> <span class='ocrx_word' id='word_1_297' title='bbox 307 4194 403 4244; x_wconf 77' lang='lat' dir='ltr'>Paride</span> <span class='ocrx_word' id='word_1_298' title='bbox 414 4197 575 4247; x_wconf 79' lang='lat' dir='ltr'>vulneratum</span> <span class='ocrx_word' id='word_1_299' title='bbox 588 4200 670 4248; x_wconf 83' lang='lat' dir='ltr'>venis·</span> <span class='ocrx_word' id='word_1_300' title='bbox 711 4209 773 4260; x_wconf 78' lang='lat' dir='ltr'>mar,</span> <span class='ocrx_word' id='word_1_301' title='bbox 782 4212 840 4247; x_wconf 83' lang='lat' dir='ltr'>cum</span> <span class='ocrx_word' id='word_1_302' title='bbox 852 4195 995 4244; x_wconf 84' lang='lat' dir='ltr'>ulttene&#39;leo</span> <span class='ocrx_word' id='word_1_303' title='bbox 1004 4193 1030 4243; x_wconf 86' lang='lat' dir='ltr'>in</span> <span class='ocrx_word' id='word_1_304' title='bbox 1039 4191 1138 4242; x_wconf 79' lang='lat' dir='ltr'>femore</span> <span class='ocrx_word' id='word_1_305' title='bbox 1148 4188 1236 4236; x_wconf 84' lang='lat' dir='ltr'>vulne-</span> 
     </span>
    </p>
   </div>
   <div class='ocr_carea' id='block_1_8' title="bbox 120 4266 965 4335">
    <p class='ocr_par' dir='ltr' id='par_1_10' title="bbox 120 4266 965 4335">
     <span class='ocr_line' id='line_1_40' title="bbox 120 4266 965 4335; baseline -0.002 -12"><span class='ocrx_word' id='word_1_306' title='bbox 120 4270 669 4335; x_wconf 61' lang='lat' dir='ltr'>airammum-nguinedefluentem2</span> <span class='ocrx_word' id='word_1_307' title='bbox 711 4266 965 4325; x_wconf 78' lang='lat' dir='ltr'>ratumintrriirse.&#39;</span> 
     </span>
    </p>
   </div>
   <div class='ocr_carea' id='block_1_9' title="bbox 0 0 1510 4906">
    <p class='ocr_par' dir='ltr' id='par_1_11' title="bbox 0 0 1510 4906">
     <span class='ocr_line' id='line_1_41' title="bbox 0 0 1510 4906; baseline 0 0"><span class='ocrx_word' id='word_1_308' title='bbox 0 0 1510 4906; x_wconf 95' lang='lat' dir='ltr'> </span> 
     </span>
    </p>
   </div>
  </div>
 </body>
</html>
