3006 4906
271 345 336 409 346
710 351 919 403 sursum.

273 513 412 579 ldeuim
426 518 480 578 est
493 510 538 579 ad
558 528 649 577 aram
671 508 773 574 Jovis
798 508 949 583 Hercei,
963 508 1131 590 quomodo
1156 511 1217 575 aiii
1242 510 1363 581 Graece

273 615 381 679 dicere
395 616 596 692 maluerunt,
612 618 651 677 ut
665 612 766 678 Ouid.
780 614 814 678 iu
839 611 891 677 ib.
912 609 1108 675 ‘Cui-nihil
1129 610 1266 680 Hercoei
1290 634 1366 698 pru

272 714 337 781 fuit
358 734 416 781 ara
437 712 558 781 ioris!
578 713 794 798 Hygin.·iab.
807 714 862 779 91.
885 710 993 778 eras
1007 711 1041 775 in
1056 731 1147 779 erum
1158 713 1260 781 Juris
1276 716 1366 781 Her·

272 816 337 882 cmi
348 814 495 883 insiluit?
538 814 682 880 Festus:
697 818 708 848 ⁴
721 815 888 882 Heraeus
900 812 1038 896 Jupiter
1056 814 1364 901 iutra-conseptum

274 918 396 985 domus
410 918 573 1004 quusque
586 916 770 994 colebatur,
794 933 893 998 quem
911 923 945 979 et
959 913 1070 979 Deum
1082 915 1366 1000 penetraleman·

273 1018 461 1104 pellebant:
504 1018 640 1083 Servius
667 1019 702 1082 in
726 1017 805 1082 AEu.
829 1031 869 1081 rr.
891 1013 1054 1098 ‘Singula
1077 1014 1196 1079 domus
1222 1025 1365 1081 sacrata

275 1129 356 1186 aunt
371 1120 457 1199 Diis,
472 1127 510 1185 ut
524 1120 644 1186 Culina
658 1120 735 1185 Diis
754 1120 943 1204 penatibus,
968 1116 1143 1190 Maceriee,
1159 1119 1362 1200 qum¹ambit

275 1220 418 1302 domum,
440 1220 586 1287 Hercaeo
607 1219 708 1287 Jori!
749 1221 868 1304 ltaque
891 1218 974 1284 nihil
992 1217 1163 1283 Mercenrs
1181 1219 1260 1300 egit,
1282 1236 1364 1283 cnm

274 1325 424 1407 probatae
446 1323 638 1390 Latinitatis
659 1322 791 1388 laudem
816 1322 893 1387 huie
919 1320 1088 1386 Historiae
1113 1321 1281 1388 sententia
1297 1339 1365 1386 sua

275 1424 459 1507 abrogavit,
471 1426 625 1508 uinoque
639 1425 780 1507 gratiam
794 1424 868 1509 ejus
880 1422 1271 1489 emendationemeritum
1280 1423 1366 1488 effu·

274 1526 323 1591 dit
332 1545 342 1589 r
352 1525 411 1609 qui
424 1544 492 1590 uon
505 1526 612 1590 miuus
626 1525 715 1590 ineo
727 1526 959 1604 hallucinatur,
965 1524 1057 1609 quod
1071 1543 1145 1590 cum
1151 1524 1238 1588 libro
1248 1524 1361 1607 primu

274 1627 536 1693 membranarum
561 1645 697 1691 suarum
719 1626 786 1692 fide
809 1628 861 1693 siu
884 1626 1062 1693 edidisset:
1083 1622 1298 1689 ‘Podalirius
1318 1635 1361 1691 et

275 1724 443 1794 Machaon
466 1727 667 1812 AEsculapio
690 1728 805 1810 geniti,
829 1729 930 1796 acciti
950 1727 993 1792 ad
1009 1727 1045 1792 id
1059 1727 1182 1793 beilum
1196 1727 1242 1791 ab
1256 1727 1359 1792 saier-

275 1829 357 1895 tiem
380 1830 556 1896 medicine
578 1827 696 1895 artist'
718 1830 903 1907 annotavit,
925 1827 1155 1895 ‘Medicinam
1170 1837 1281 1893 artem
1295 1829 1361 1894 dic·

275 1940 347 1997 tum
361 1950 447 2011 essa
469 1939 507 1998 ut
528 1938 648 1997 terrem
668 1932 811 2011 Italiam,
826 1931 996 1998 mulierem
1009 1929 1226 2007 meretricem,
1242 1931 1366 1999 Senec-

275 2041 343 2098 tam
364 2033 517 2099 mutem!
576 2033 755 2118 Perpetem
779 2033 912 2100 scilicet
938 2032 1153 2109 Medicinam,
1173 2041 1363 2113 senectam,

156 2162 163 2173 ·
274 2141 308 2200 et
323 2133 542 2213 Meretricem,
555 2134 692 2220 perinde
704 2144 746 2199 ut
759 2135 907 2214 Italiam,
920 2136 1054 2202 uomina
1066 2135 1366 2201 snuusuuraesse

274 2237 423 2303 credidit.
439 2237 530 2305 Nam
536 2243 686 2304 senectus
696 2235 1364 2324 participiumesse,idemquesigniiicare

277 2340 369 2427 quud
391 2343 405 2401 i
425 2339 566 2425 γηράσας,
588 2340 782 2426 Priscianus
803 2346 951 2407 veterum
972 2338 1172 2405 auctoritate
1185 2339 1275 2403 satis
1289 2357 1365 2422 pro-

273 2438 378 2507 bavit.
420 2441 585 2505 Dicebant
607 2441 759 2506 nimirum
787 2446 940 2507 senectus
966 2441 1029 2518 vir,
1053 2445 1190 2505 senecta
1216 2438 1364 2517 foemina,

274 2546 445 2605 senectam
468 2558 610 2625 corpus:
634 2541 782 2627 adeoque
804 2542 936 2628 quoties
960 2541 1141 2608 senectam
1161 2561 1224 2624 pro
1246 2540 1365 2607 Senec-

273 2644 345 2702 tute
358 2637 679 2722 legimus„AEtatem
695 2638 924 2724 subaudimus,
939 2643 1029 2728 quod
1044 2642 1179 2726 quidam
1190 2642 1362 2708 Metaurus

166 2776 169 2781 -
273 2739 391 2805 Servio
404 2739 539 2806 credere
552 2745 874 2826 poteratinAEu.rr.
886 2746 1113 2811 sic-monenti:
1136 2744 1197 2811 ‘Si
1207 2744 1358 2809 Murrus
1415 2730 1418 2734 ’

273 2839 431 2919 deuecta
455 2847 516 2906 aut
537 2843 726 2911 addendum
747 2853 844 2922 setes,
866 2852 924 2914 aut
942 2845 1208 2929 intelligendum!
1249 2845 1358 2909 Mara-

273 2942 341 3008 trix
363 2961 429 3010 non
458 2944 559 3010 aliem
583 2948 743 3013 rationem
767 2948 882 3027 hebet,
907 2966 1008 3031 quam
1030 2946 1191 3025 Gouitrix,
1212 2944 1357 3022 Victrix,

274 3038 397 3127 Aluix,
423 3065 499 3130 quae
520 3047 759 3132 adjectivorum
772 3048 889 3115 instar
911 3068 989 3115 esse
1009 3050 1135 3115 nemini
1159 3053 1268 3135 paim
1282 3067 1359 3114 esse

168 3132 176 3163 ¹
274 3146 421 3215 dubium.
466 3148 672 3217 Medicinam
695 3168 796 3234 porro
819 3151 1175 3236 merum-adjectivum
1204 3170 1294 3229 esse,
1323 3158 1363 3217 nt

273 3246 354 3330 Ars,
374 3250 601 3323 volumem
619 3252 848 3331 subaudiatur,
862 3253 1028 3336 quomodo
1043 3253 1176 3319 tandem
1191 3253 1367 3320 Mereerus

274 3356 384 3417 tantus
397 3352 543 3417 literatos
555 3354 704 3435 ignorare
719 3354 853 3439 potuit‘t
897 3354 1048 3437 legerat·
1059 3353 1148 3419 euim
1161 3354 1196 3418 iu
1211 3354 1366 3423 Varrone

275 3468 326 3514 ιν,
347 3452 389 3516 de
402 3453 534 3536 Lingua
549 3453 683 3523 letina.
705 3455 921 3524 ‘Artificibua
936 3457 1085 3523 maxima
1098 3473 1201 3521 musa
1213 3455 1260 3518 ab
1275 3462 1362 3533 arte,

271 3549 384 3626 idest,
401 3553 444 3615 ab
459 3560 528 3617 arte
543 3556 705 3622 medicina
717 3563 753 3623 ut
766 3558 813 3623 sit
825 3559 975 3624 medicus
989 3557 1112 3634 dictus,
1127 3574 1149 3619 a
1158 3552 1287 3620 sutrim
1299 3575 1363 3620 sn·

272 3655 333 3728 tor,
347 3667 416 3713 nou
429 3667 451 3716 a
464 3652 623 3720 medendo
634 3676 675 3722 ac
691 3659 841 3725 suendo.'
888 3659 933 3726 Et
947 3675 1013 3723 vrr.
1027 3664 1038 3696 ⁴
1052 3658 1213 3732 Tabana,
1226 3655 1293 3721 ubi
1304 3675 1368 3723 ue·

271 3751 424 3827 nitcaru,
437 3751 584 3826 laniena:
601 3756 659 3820 ubi
671 3758 792 3842 pelles,
808 3761 1022 3844 pellesveuet
1037 3759 1097 3824 ubi
1107 3755 1370 3835 cuioei‚sntrius

273 3848 414 3919 dicitur?
457 3856 610 3922 Donatus
631 3857 666 3921 iu
684 3855 783 3926 Adel.
800 3876 849 3927 rr.
863 3861 896 3927 2.
917 3859 1084 3926 ‘Veteres
1097 3857 1261 3925 absolute
1277 3859 1372 3928 dice·

258 3953 353 4023 ‚bant
379 3955 564 4038 pistrinam,
586 3965 627 4023 ut
649 3961 807 4029 sutrinam
832 3970 866 4030 et
887 3962 1095 4040 medicinam,
1117 3960 1164 4025 ad
1189 3961 1365 4029 mnemon

273 4053 469 4122 stannes:
511 4058 683 4129 Charisius
713 4063 963 4133 1.‘Pistrinum
991 4067 1109 4128 neutro
1137 4060 1280 4143 dicitur,
1306 4063 1362 4128 aad

275 4155 427 4227 Lucilius
436 4156 610 4229 foeminino
621 4166 761 4233 extulit:
776 4165 908 4235 Media:
923 4186 945 4233 a
960 4163 1115 4250 pistrina:
1131 4160 1176 4229 ad
1188 4165 1359 4233 tuberum
1481 4188 1482 4253 ι
