3034 4928
292 369 336 432 44
529 383 631 432 -rac
657 381 847 432 anaizoarr
873 380 1122 429 nrssnarauro

293 527 441 609 regione,
469 533 508 591 nt
528 526 716 605 Thessalia,
737 531 1005 602 commemorant,
1029 526 1118 608 qnod
1146 546 1221 591 curn
1248 528 1308 591 alii
1333 528 1387 594 fa-

294 626 396 705 ciant,
418 625 553 708 Tragici
581 625 846 710 frequentissime
869 625 1009 701 faciunt,
1031 627 1163 708 'quihus
1188 629 1323 693 minime
1349 630 1387 692 id

295 727 546 792 concedendurn
560 735 630 790 est:
653 726 734 789 nihil
756 727 843 789 enirn
864 744 909 787 ex
929 744 1075 806 persona
1097 726 1219 808 nubta,
1234 729 1296 791 sed
1311 747 1388 792 om·

295 828 351 892 nia
364 828 427 892 sub
442 847 567 905 eorum,
578 829 636 909 qui
653 828 711 891 ilio
728 835 875 909 ternpore
887 826 1052 903 vixerunt,
1067 827 1235 891 dixerunt
1278 827 1387 906 Quod
1495 884 1496 915 ¹

295 928 415 1011 siquis
436 947 457 992 a
476 928 639 992 Thessalo
664 927 821 991 Herculis
844 926 886 991 F.
900 944 960 989 cos
985 927 1174 1009 appellatos
1194 926 1386 994 Thessalos
1495 918 1496 977 ἶ

295 1028 390 1105 dicit,
406 1028 576 1092 reddenda
589 1029 651 1091 erit
673 1029 704 1092 ei
727 1028 824 1104 ratio,
837 1046 895 1091 cur
915 1045 1084 1109 nonquam
1106 1035 1183 1091 ante
1206 1029 1386 1112 insequen-

297 1135 363 1193 tem
383 1128 584 1194 Thessalum
601 1148 643 1193 ea
665 1148 748 1212 gaus
772 1130 808 1193 id
830 1128 975 1192 nominis
990 1128 1216 1211 usurpaverit!
1259 1128 1388 1213 Liquet
1495 1110 1496 1135 ¹

296 1247 343 1293 ex
361 1224 413 1293 h'is
434 1229 574 1307 abunde,
603 1232 699 1312 louge
722 1230 879 1294 seriorem
903 1228 1059 1310 Trojauis
1082 1229 1286 1310 temporibus
1309 1242 1407 1293 csse

296 1329 389 1393 illam
403 1331 675 1412 appellationem.
719 1330 786 1394 Sed
807 1332 913 1411 etqui
928 1344 1003 1392 eam
1014 1329 1057 1393 ab
1071 1328 1233 1393 Thessalo
1252 1327 1387 1392 Hercu·

296 1429 339 1493 lis
362 1430 400 1493 F.
415 1429 620 1507 derivabant,
644 1438 843 1496 nontamen
866 1429 956 1493 illius
979 1437 1128 1512 ternpore
1150 1433 1309 1512 coeptam,
1325 1428 1387 1493 seu

297 1527 471 1613 aliquanto
486 1538 566 1613 post
585 1533 629 1595 ab
642 1532 734 1596 iltius
754 1531 907 1596 Thessali
922 1531 1064 1614 posteris
1080 1536 1195 1607 ortana
1210 1536 1244 1593 et
1257 1528 1387 1611 regioni

299 1629 343 1693 ah
358 1648 395 1693 se
408 1639 582 1715 occupatae
594 1635 629 1696 in
643 1632 802 1698 honorem
815 1622 1035 1716 progenitoris
1049 1631 1102 1694 sui
1114 1628 1389 1708 impositamtra-

298 1729 432 1795 debant.
461 1730 552 1796 Vide
566 1734 762 1797 Strabonem
778 1733 1078 1797 lib.1x.extremo.
1111 1730 1210 1795 Adde
1222 1736 1333 1795 nartem
1340 1731 1387 1793 iia
1404 1750 1406 1759 ’

298 1826 423 1894 Velleii
437 1833 538 1895 etiarn
553 1852 603 1909 ca,
625 1852 703 1916 quae
725 1851 805 1897 mox
827 1838 986 1896 memorat
1010 1832 1099 1897 idem
1119 1832 1162 1896 de
1187 1828 1386 1906 ‘Corintha

299 1928 424 1995 multo'
444 1934 565 1997 etiam‘
577 1942 654 2017 post
664 1935 765 1998 Ilium
775 1924 927 2017 captum’
938 1935 1180 2011 sicuominata,
1192 1940 1226 1999 et
1240 1942 1354 1997 tamen
1366 1951 1389 1995 a

299 2039 413 2096 nostro
432 2033 553 2117 Dictye
567 2036 691 2117 saepius
717 2035 792 2099 solo
804 2035 870 2099 hoc
887 2033 1032 2097 Nomine
1047 2035 1226 2116 designata
1269 2033 1390 2096 Sedet

299 2130 366 2196 huc
391 2133 508 2212 resero,
531 2136 619 2219 quod
643 2135 854 2218 ‘Corcyram
876 2134 1077 2214 Melaenam,'
1098 2136 1142 2198 ab
1156 2135 1263 2199 AEnaa
1286 2137 1391 2197 ‘con-

183 2308 186 2323 ‘
299 2232 467 2300 stitutam'
482 2237 529 2300 ait
553 2253 586 2301 v.
610 2236 663 2301 17.
686 2237 876 2302 ‘civitatem
899 2236 962 2312 his,
987 2237 1047 2317 qui
1070 2255 1183 2300 secum
1202 2234 1389 2315 navigave-

299 2335 392 2399 rant?
436 2335 564 2399 Etenim
580 2336 771 2420 ‘Corcyrae'
793 2357 914 2401 noman
933 2335 1073 2399 necdum
1098 2324 1217 2400 habuit
1239 2341 1319 2399 tuuc
1344 2356 1388 2399 ne

299 2435 473 2516 praecipua
485 2435 617 2515 quidem
633 2437 733 2500 istius
747 2437 890 2499 nominis
911 2437 1034 2513 insula,
1050 2436 1237 2519 saepissime
1249 2436 1328 2500 licet
1341 2436 1387 2500 ab
1403 2458 1406 2467 ·

301 2524 452 2596 Homero
460 2541 650 2612 memorata,
665 2536 724 2600 sod
738 2537 830 2600 dicta
844 2538 888 2600 ab
900 2555 941 2600 eo
954 2535 1077 2621 Σχερία,
1093 2546 1128 2602 et
1145 2536 1280 2599 Φαιάκων
1294 2540 1387 2611 νῆσος,

301 2639 336 2697 at
350 2640 468 2717 postea
489 2635 633 2713 demum,
651 2638 752 2702 immo
775 2638 909 2702 demum
930 2648 1110 2722 postquam
1125 2637 1288 2703 Corinthii
1310 2657 1386 2701 earn

300 2742 481 2811 tenuerunt,
497 2735 526 2798 si
550 2735 631 2799 tides
648 2737 786 2815 cnnoni,
805 2736 958 2822 Κιρκόρας,
973 2730 1034 2802 'sen
1051 2737 1246 2823 ‘Corcyrae'
1267 2756 1389 2801 nomen

300 2823 442 2916 nocebit
485 2835 576 2901 Vido
591 2836 746 2902 Palmarii
762 2838 928 2903 Graeciam
943 2832 1239 2920 Antiquamrrlb.
1283 2836 1390 2914 Quod

301 2938 332 3000 si
351 2937 459 3019 major
479 2937 589 3001 insuta
607 2939 747 3002 necdum
772 2938 808 3002 id
835 2936 957 3002 nomen
976 2946 1053 3003 tunc
1076 2939 1235 3021 temporis
1259 2937 1389 3015 habuit,

300 3028 408 3120 neque
435 3039 540 3101 minor
567 3038 625 3103 illa
649 3049 685 3102 et
707 3042 842 3104 interior
863 3041 897 3102 in
919 3039 1095 3104 Adriatico
1118 3040 1201 3104 mari
1223 3038 1388 3103 habuisse

299 3138 441 3202 videtur.
485 3137 583 3202 Certe
599 3140 751 3222 epitheto
766 3140 1000 3216 distinctionis,
1014 3146 1050 3204 ut
1063 3140 1227 3206 diceretur
1240 3138 1391 3222 Corcyra

300 3237 420 3322 Nigra,
432 3257 492 3303 seu
507 3236 650 3317 Μέλαινα,
672 3260 759 3323 opus
773 3259 838 3304 nou
863 3241 938 3315 suit,
958 3240 1092 3321 qnando
1116 3241 1207 3305 nulla
1230 3240 1298 3304 alia
1316 3250 1390 3305 erat

299 3339 421 3418 insuia,
436 3360 513 3423 quae
528 3342 595 3405 isto
615 3341 748 3405 nomine
764 3340 1000 3423 designaretur.
1045 3339 1144 3404 Adde
1153 3340 1237 3423 jam,
1252 3339 1389 3404 Strabo·

299 3457 374 3502 nem
384 3442 521 3516 madere,
535 3444 651 3505 urbem
663 3444 762 3507 istius
777 3442 907 3518 iusrrioe,
921 3459 986 3505 non
1001 3442 1045 3505 ab
1055 3441 1172 3518 AEnea‚
1182 3441 1240 3505 sed
1254 3460 1276 3504 a
1291 3439 1399 3505 ‘Cui-t

301 3536 388 3602 diis'
402 3539 581 3616 conditam,
597 3544 748 3607 vrrulb.
1381 3562 1387 3571 ·

343 3652 470 3700 xxvrr.
493 3637 597 3700 Porro
622 3649 732 3704 autem
761 3661 862 3724 quam
887 3644 1035 3724 ineptum
1065 3648 1120 3705 est
1141 3646 1175 3705 et
1197 3642 1341 3706 alienum
1368 3661 1391 3706 a

299 3736 437 3820 Troiani
453 3738 610 3820 temporis
629 3740 802 3823 scriptore,
819 3741 909 3824 quod
930 3747 1091 3805 memorat
1104 3742 1146 3805 de
1166 3741 1272 3806 literis
1287 3742 1393 3806 Puni·

300 3838 363 3914 cis,
376 3838 420 3900 ab
432 3834 562 3902 Cadmo
587 3838 772 3924 Danaoqnc
795 3841 1076 3924 mutuantibus
1095 3843 1128 3904 in
1150 3836 1410 3906 conscribenda

301 3938 365 4001 hac
392 3936 534 4001 historia
556 3957 637 4003 usus
657 3940 714 4017 sit,
729 3945 762 4004 et
784 3940 828 4004 de
850 3940 1070 4005 ‘diversitate
1096 3940 1276 4005 sermonis’
1300 3943 1394 4007 inter

300 4035 455 4116 Graecos,
470 4039 571 4103 immo
586 4046 622 4103 et
634 4040 729 4123 ipsos
741 4039 860 4116 Creta,
870 4041 966 4104 unius
980 4040 1110 4121 insulae,
1125 4040 1266 4105 incolas.
1296 4040 1392 4106 Nam

300 4137 454 4204 ‘literas'
468 4138 583 4223 utique
598 4138 720 4207 diversi
735 4141 863 4224 generis
877 4159 942 4205 nnn
963 4140 1150 4205 habuerunt
1162 4140 1391 4223 antiquissimi
