3070 4922
434 400 482 447 DE
507 400 625 448 BELLO
647 398 820 447 'l'ROJhNO
844 399 916 449 bill.
940 401 996 448 ΙΙΙ.

164 546 252 625 Quae
268 544 377 609 saltus
388 543 537 625 ingressa
549 561 672 621 noros,
685 561 836 626 presepe
851 548 1020 627 paternum

165 648 302 711 Incesta
316 644 457 729 liquisse
471 644 551 726 fuga
567 652 763 728 taurumque
773 645 924 727 jugalem

154 748 312 827 Diceris,
326 755 361 811 et
374 751 511 811 nostros
525 747 612 828 petis
623 746 813 828 importuna
825 747 985 827 penatesl

165 850 229 927 lte,
245 850 321 926 viri,
336 849 433 912 Deus
449 848 496 912 ire
507 847 615 930 jubel,
628 854 798 931 pontoque
812 849 865 912 vel
878 848 955 929 igne

91 1011 96 1018 .
166 950 341 1013 Maternus
355 950 491 1014 abolete
505 948 609 1027 iaces,
624 968 668 1013 ue
679 948 764 1013 dura
778 955 943 1033 sequatur,

168 1050 278 1130 Quam
295 1052 412 1129 cecini,
428 1050 552 1115 clades.
593 1050 652 1115 Sic
666 1052 786 1133 paucis
800 1057 917 1134 questa
931 1050 1092 1133 quiescit:

168 1153 426 1238 Expediuntque
441 1152 550 1217 Deum
565 1152 711 1236 suspiria
723 1153 826 1237 longa
838 1153 1000 1217 relictum.

209 1254 277 1318 His
291 1253 411 1319 hilares
424 1253 550 1319 haerent
564 1253 676 1331 animi,
689 1261 847 1339 totusque
860 1254 1030 1319 faventum

170 1356 310 1438 Supitur
328 1355 506 1437 strepitus:
527 1355 693 1425 favissent
707 1357 839 1439 agmina
852 1357 940 1420 ratis

171 1456 323 1540 imperio,
339 1463 448 1522 motas
459 1457 645 1522 reverentia
659 1457 820 1539 principis
832 1444 900 1523 iras

168 1558 303 1636 Obruit,
312 1558 523 1642 indignisque
538 1558 633 1622 datur
648 1557 842 1623 Cassandra
856 1557 998 1622 catenis.

168 1659 249 1724 Rex
262 1659 425 1725 Helenam
440 1660 531 1740 lenit,
546 1661 750 1744 inopinaque
766 1661 887 1743 probra
904 1658 1065 1742 gementis

169 1758 307 1825 Solatur
320 1762 473 1827 blandis:
496 1763 642 1843 suspiria
657 1762 757 1841 ratis,
773 1760 913 1825 anhelas

170 1864 326 1928 Excusat
337 1862 449 1941 furias,
470 1865 659 1945 celeresque
676 1862 720 1926 ad
735 1861 847 1946 jurgia
861 1879 975 1938 voces,

170 1965 216 2029 Et
228 1964 312 2028 vitio
328 1965 450 2050 capitis
464 1967 583 2031 solitos
598 1964 719 2028 saeuire
733 1963 904 2027 tumultus.

213 2066 289 2132 Neo
303 2087 409 2145 mora,
423 2067 560 2133 lasciuit
570 2066 700 2130 solenni
710 2066 802 2148 regia
817 2065 909 2129 cultu

170 2169 326 2253 Imperiis
340 2176 456 2234 ornata
472 2168 579 2247 ducis,
595 2167 770 2251 taedasque
784 2164 959 2250 pudendas

170 2268 277 2334 Tollit
292 2269 423 2334 adulter
438 2270 583 2355 Hymen.
614 2268 738 2334 Melius
754 2267 863 2349 caligo
877 2263 1045 2349 protunda

171 2371 338 2436 Pollutum
355 2372 523 2436 mersisset
539 2390 648 2455 opus:
668 2369 751 2455 quid
764 2370 897 2434 nomine
911 2384 1009 2431 sucro

171 2473 334 2537 Incestum
344 2473 514 2557 phalerare
522 2472 648 2559 jurut‘t
670 2469 849 2558 praetendit
863 2474 983 2552 operta

628 2604 806 2628 mmo
825 2624 829 2631 ,

205 2684 251 2731 ³8¹1
267 2680 376 2732 Btaadaa
385 2679 435 2730 Ed.
446 2680 515 2731 hlor.
526 2687 554 2730 at
564 2678 695 2744 Spondau.

203 2880 252 2926 880
268 2876 303 2925 El
322 2874 382 2925 ruo
403 2873 490 2939 capitia
509 2874 591 2923 wlitoa
613 2873 696 2923 neira
735 2879 818 2922 tarum
836 2870 942 2936 iusignia
960 2866 1131 2934 phaleria‚'n.
1162 2868 1261 2918 Noster

171 2950 296 3015 tanrltaa]
311 2949 462 3013 thoranius
479 2950 523 3008 nir
537 2949 599 3011 lepris
615 2947 695 3005 νόσου,
734 2948 883 2998 Terentium
903 2947 1030 3011 requitur,
1051 2943 1094 3007 qul
1108 2942 1261 3006 ‘phalerata

171 3027 306 3078 comitialis
324 3025 422 3076 morbi:
439 3025 472 3076 de
493 3040 543 3090 quo
565 3024 645 3075 molta
663 3024 696 3074 ad
736 3022 824 3079 dicta,’
841 3021 928 3071 locata
946 3029 973 3072 et
993 3019 1085 3068 oraora
1097 3014 1261 3066 rouat.⁴1u·

172 3103 310 3166 Apuleium
321 3102 410 3165 Sciplo
420 3101 543 3151 (lentitia.
728 3099 851 3150 'cerrum’
864 3099 942 3163 igitur
952 3097 1103 3161 ‘phalerare
1111 3093 1213 3141 nurnine
1222 3106 1262 3139 aa·

205 3182 254 3227 80³
281 3178 348 3235 Qar'd
372 3177 465 3229 aoniae
487 3190 554 3225 sucro
580 3175 699 3226 lacrum
737 3176 799 3238 cro‚’
813 3184 854 3227 ert
872 3173 984 3238 conjugii
1001 3170 1077 3221 titulo
1094 3166 1217 3231 palliare:
1233 3173 1263 3215 ut

172 3254 379 3318 plaluareiuru]
394 3256 698 3305 rr.l⁰l.⁴mixtaviruur
740 3252 808 3302 llldo
825 3250 893 3314 apud
912 3247 1003 3310 virgil.
1026 3242 1198 3305 ‘coujugluur
1219 3255 1262 3290 ru·

174 3332 326 3396 phalerant'
340 3333 512 3383 Glossarium:
524 3331 649 3388 ‘Falerna
661 3331 699 3380 lr-
738 3335 792 3388 cat,
812 3327 860 3374 huc
882 3323 985 3374 celabat
1012 3318 1114 3369 nomine
1134 3314 1263 3380 culpamr’

173 3406 308 3469 mdrma'
319 3409 449 3459 iuventam
460 3408 594 3472 Tarquinii
605 3407 699 3468 Prisci,
739 3401 806 3464 quud
819 3407 860 3450 ert
876 3399 945 3459 ηλᾷ
954 3393 1032 3457 πηλὸν
1047 3388 1170 3454 καθαίρειν.
1182 3399 1210 3440 ut
1226 3390 1263 3440 alt

174 3492 205 3535 ut
221 3486 311 3536 Florus
324 3499 344 3535 r.
357 3491 382 3535 t.
400 3495 496 3535 monet.
529 3483 570 3532 De
588 3481 698 3547 phaleris
739 3475 862 3527 uariam.
872 3476 964 3538 pilu.

171 3562 276 3628 prolixe
299 3561 434 3611 Manutius
454 3562 480 3611 iu
507 3559 630 3612 eraeaitia
652 3571 699 3622 per
770 3555 819 3601 sol
836 3544 1264 3612 Praeteuditoprrtullrarterlanea·

168 3640 259 3704 Epist.
282 3652 308 3689 c.
323 3641 366 3687 1⁰.
382 3637 522 3687 Marcellus
540 3634 657 3684 Donatus
672 3633 698 3682 in
737 3626 797 3691 rias]
814 3626 872 3676 lloc
883 3623 1012 3691 eat‚quod
1025 3621 1183 3673 Dracontius
1194 3620 1265 3670 dice·

170 3715 284 3764 Surae.
301 3717 344 3763 ⁸⁰.
377 3711 566 3776 Lipslnadare
583 3709 699 3771 militari,
739 3702 924 3766 limonarii
934 3715 1010 3765 opem
1021 3698 1121 3762 sceleri,
1132 3709 1265 3761 parquaru

172 3790 276 3840 Distu.
285 3791 369 3839 Varro
378 3788 556 3839 Hecatomber
572 3787 580 3815 ‘
594 3786 645 3836 Ubi
655 3786 700 3835 illa
739 3781 845 3832 fallatur
856 3776 993 3841 honestaaf
1004 3777 1072 3827 ilex.
1082 3774 1266 3827 stt-Summa

172 3864 309 3928 phalerata
316 3878 483 3929 gemmeaque
490 3862 632 3928 ephippia?
649 3862 697 3912 Pe·
739 3874 756 3910 a
771 3858 863 3909 statuis
882 3853 1084 3907 vermiuautibua
1102 3858 1131 3902 et
1150 3848 1267 3911 carioris,

173 3947 245 3989 trun.
270 3939 412 3991 ‘mulieres
439 3941 551 4004 phaleris
577 3938 700 3990 ornatna’
739 3924 1264 4000 quibusbracteaaauperiuducebaut.Ju·

170 4017 213 4068 ait
224 4032 231 4064 z
247 4016 314 4080 quod
324 4016 514 4081 dqmargaritis
524 4030 539 4066 e
551 4016 643 4081 pelago
653 4016 700 4068 lu·
742 4011 824 4060 venai.
835 4010 890 4059 Sat.
901 4020 965 4057 xm.
975 4004 983 4033 ‘
994 4004 1149 4055 bracteolara
1160 4003 1193 4052 da
1204 4001 1267 4053 Car·

167 4095 235 4146 rrius
253 4093 372 4155 explicat.
397 4093 530 4155 Aristoph.
546 4092 572 4140 lu
589 4092 701 4142 Acharu.
741 4091 798 4136 tore
813 4082 928 4134 ducunt?
952 4081 1021 4132 Hluc
1036 4081 1044 4109 ⁴
1057 4081 1192 4130 bratteata
1209 4077 1268 4127 feli·

164 4172 211 4225 τίς
227 4166 481 4235 &polycnemon
497 4170 591 4228 δόματα
605 4170 701 4229 κακὴ
741 4157 1103 4222 eitas'apudseu.Ep.ltll.
1135 4153 1266 4205 Ausonius

162 4249 303 4305 Prudeut.
314 4243 613 4311 contra-symmachum,
627 4244 635 4271 ⁸
647 4242 703 4292 Vit-
744 4234 820 4287 rero‘
832 4233 994 4286 bracteatum
1009 4228 1127 4287 dicttuu’
1137 4230 1165 4279 iu
1183 4227 1267 4277 Paua·
