3076 4918
354 422 535 473 oasraurs
560 422 714 471 aaaron
740 422 848 472 uouu
872 423 912 472 tu
938 424 1008 472 ste.
1032 423 1072 471 tt.
1189 408 1254 474 597

169 580 239 619 cere.
262 564 408 628 Egeslpom
419 578 438 614 ι.
448 568 489 613 stt.
504 563 631 613 ‘Excitet
639 563 693 613 He·
730 563 1255 627 iugeuliprestautlsalmusioslaablerce·

169 642 244 691 rodes
263 647 422 702 congregato
444 638 561 688 exercitu
585 637 694 700 petebst
730 639 863 699 mauolt·
871 640 904 688 ad
914 640 1083 703 Nouicm‚qui
1091 645 1118 688 et
1127 640 1254 689 tecuuex

167 717 385 778 Hierosolymam,
405 720 436 762 ut
456 713 570 762 aolrsrst
591 725 692 761 omnem
730 715 776 764 boe
793 716 883 763 eodem
898 715 981 778 primo
992 715 1077 764 libello
1088 730 1114 777 p.
1126 717 1167 764 2⁵.
1185 717 1254 763 ‘uec

169 791 278 849 Hircani
290 797 457 854 potestatem,
473 804 504 838 sc
519 803 585 853 pene
600 786 692 838 effece·
729 792 812 840 multo
828 797 887 855 pest
903 791 974 839 lraue
986 791 1076 840 Disuae
1088 790 1121 839 ob
1133 790 1254 839 mutatio·

169 874 220 930 rat,
230 866 280 915 uisi
297 881 313 914 a
327 864 408 914 fratre
425 862 551 914 iul'rsetus
564 872 591 913 et
607 872 692 928 patre,
730 881 788 916 nem
800 866 866 916 airis
877 866 1026 929 corporibus
1035 866 1188 929 pertentatis
1198 867 1255 915 lues

168 943 281 1006 impetus
294 941 350 1004 ejus
360 939 556 989 couseuuiaaet’
729 941 827 992 lusadlt
835 941 851 1002 ;'
861 942 968 1004 corrigit
980 956 1012 991 ex
1023 941 1096 990 libris
1108 943 1176 990 suis:
1191 943 1255 989 ‘ue-

201 1022 260 1082 §ts
276 1017 314 1066 Ab
331 1016 492 1079 isqsietadiae
507 1015 639 1078 lebireaia
655 1031 692 1064 eo·
731 1030 781 1082 que
800 1017 881 1066 multo
900 1025 958 1081 post
978 1016 1048 1066 irene
1067 1017 1164 1066 eoelestl
1175 1029 1209 1064 su
1220 1015 1255 1065 ob

169 1089 693 1154 situatam1⁴1nqutetnoe’estmoter·
731 1094 897 1142 mutationem
910 1093 992 1142 aeris?
1026 1093 1074 1142 Cui
1085 1091 1202 1157 equidem
1215 1104 1254 1139 es·

169 1169 217 1219 tia.
250 1167 435 1217 Adversum.
446 1171 470 1215 7.
732 1170 856 1217 sentimur
874 1169 968 1217 merito
987 1168 1109 1217 solentes.
1144 1165 1255 1216 Adsere.

203 1243 441 1306 Mammium
450 1240 693 1306 die1‘Relormatua
731 1248 837 1293 surra.

170 1318 240 1369 dies'
250 1319 292 1368 eui
303 1318 390 1366 uubilc
402 1318 475 1380 pulso
485 1316 589 1366 reddita
599 1317 692 1367 aereol-

169 1399 219 1443 tss.
253 1393 388 1446 Quomodo
406 1393 515 1442 culmum
531 1404 693 1458 atqueorua·
934 1371 1002 1421 ¹⁴¹⁸·
1018 1369 1057 1419 ῙῙ·

172 1476 226 1518 tum
236 1469 406 1519 ‘reformare'
417 1469 435 1517 Ι.
445 1482 474 1519 ιι.
485 1469 560 1518 dixit.
582 1469 693 1520 Adsere.
764 1471 778 1533 i
789 1474 805 1518 e
822 1470 929 1531 Esraqae
937 1468 1057 1529 jsetetast
1067 1465 1162 1527 mog-ais
1171 1467 1258 1515 dolor-i·

171 1558 260 1596 xxrrr.
271 1551 310 1595 1⁰.
732 1543 784 1606 bas]
808 1543 905 1594 Crebro
926 1543 1133 1605 jactationema
1164 1542 1257 1604 pelago

171 1656 175 1663 -
203 1621 344 1670 Runstm
361 1624 395 1669 est
414 1620 506 1683 roua]
521 1620 529 1647 ⁸
543 1621 693 1670 Reseratuur
732 1619 863 1668 deducunt
884 1620 1023 1681 scriptores
1048 1616 1080 1664 ad
1107 1615 1185 1663 sulmi
1211 1621 1257 1664 sut

170 1695 278 1746 coelum’
292 1698 381 1760 pulcre
394 1711 441 1761 pro
453 1704 600 1746 resereuato
612 1697 693 1758 pouit.
732 1692 843 1742 t‘ortuure
855 1693 1033 1756 jactationem.
1065 1691 1205 1753 Septimius
1224 1702 1257 1739 rt.

171 1773 278 1822 Lucret.
290 1785 309 1819 ι.
324 1775 332 1800 ⁸
346 1773 380 1821 Et
391 1780 506 1821 reserata
516 1772 585 1834 riget
597 1772 694 1832 qeuite·
732 1767 786 1816 ‘ed
802 1768 944 1830 Telephum
970 1766 1133 1830 perueniunt,
1149 1779 1257 1829 eumque

171 1848 303 1897 hilinum
319 1845 433 1896 Favoni!
458 1847 566 1895 Adaeus.
578 1849 678 1894 urst-l.
727 1844 855 1906 jactatum
867 1842 966 1905 maguis
975 1840 1106 1890 doloribus
1114 1840 1259 1900 couaolati,’

204 1926 262 1987 §28
283 1925 451 1987 Ventorumque
468 1924 547 1987 fletae
565 1922 695 1983 aretgmdi
732 1923 782 1969 dte.
823 1918 913 1966 Florus
935 1931 955 1965 ι.
976 1916 1009 1964 ds
1031 1916 1126 1978 populo
1148 1914 1256 1964 Romae.

168 2002 302 2065 paperes]
329 2006 337 2028 ⁴
359 2000 446 2048 Fletus
478 1995 626 2048 seutoruut’
653 2004 695 2046 est
732 1996 792 2044 ‘tot
809 1993 937 2043 laboribus
956 1991 1127 2056 periculisque
1140 1989 1257 2052 jactatus

171 2077 303 2124 commoda
314 2076 462 2139 temperies.
493 2074 617 2139 (Adsere.
628 2086 694 2122 surr.
733 2078 783 2131 est,
795 2077 824 2119 ut
833 2069 865 2118 ad
877 2067 1084 2117 constituendum
1102 2066 1157 2129 ejus
1177 2064 1257 2128 impe·

171 2151 210 2215 t.)
242 2153 323 2203 Quam
344 2166 432 2201 vocem
451 2153 489 2200 lta
507 2149 695 2214 elegantissime
734 2148 799 2195 rium
821 2146 903 2193 rlrtus
924 2151 952 2193 et
972 2141 1075 2192 lurtuua
1093 2140 1259 2190 contendisse

171 2229 249 2277 etism
262 2229 294 2277 ab
305 2229 361 2279 aliis
370 2227 501 2278 autoribus
513 2226 639 2288 usurpari,
648 2225 695 2273 ali·
733 2219 887 2271 rideantur!
930 2220 1053 2280 Propert.
1074 2229 1105 2265 ιι.
1132 2214 1259 2264 ‘Scilicet

172 2303 198 2351 bl
210 2303 361 2351 uotarlmus.
393 2302 505 2351 Adsere.
518 2313 609 2351 xxrrt.
623 2304 663 2349 lu.
733 2297 860 2346 alternum
872 2295 990 2357 quoniam
1000 2292 1131 2355 jactamur
1142 2290 1168 2338 iu
1180 2288 1259 2350 unda,

204 2380 266 2427 Esse
292 2380 376 2442 quippe
406 2381 518 2441 optimam
543 2377 696 2425 eeamltoreaa
734 2373 882 2434 Nostraque
899 2384 951 2418 nou
967 2369 1024 2417 ullis
1043 2375 1178 2431 permanet
1195 2379 1259 2414 aura

171 2469 247 2508 mam,
263 2470 328 2517 qaeu
339 2470 385 2502 aaa
400 2469 475 2517 sesua,
485 2453 539 2516 eu]
557 2452 696 2515 Eleganter
733 2447 815 2498 loeis:
847 2447 947 2497 Gellius
958 2460 977 2494 ι.
988 2450 1013 2493 ὅ.
1031 2441 1196 2492 ‘maledictis
1214 2455 1258 2503 au·

172 2530 294 2577 uouuulls
309 2531 414 2590 emittit,
426 2531 494 2592 quod
515 2541 564 2591 ego
582 2542 631 2576 uon
649 2529 695 2576 mi·
734 2517 1259 2589 perturbatumquepreposterisjactatm

173 2603 268 2652 nimum
285 2613 461 2653 oruamentum
473 2605 556 2653 Latiui
573 2605 696 2652 aermouls
734 2600 792 2652 est!
827 2600 1050 2650 aeteruum.

172 2678 293 2728 srbltror.
327 2681 411 2731 ‘Quae
427 2694 466 2728 res
485 2689 606 2744 pergrata
617 2688 696 2744 atque
766 2678 780 2740 i
803 2680 819 2724 s
848 2675 948 2735 Terapse
968 2669 1121 2735 profectionis
1145 2668 1261 2731 ualerios·

174 2762 281 2816 accepta
300 2768 346 2817 per
367 2756 508 2803 exereitum
531 2753 589 2803 luit.
630 2755 695 2803 Eum
734 2751 800 2813 reat]
824 2745 1008 2810 ‘Preeipere'
1032 2751 1073 2794 eet
1097 2750 1262 2805 antecapere,

173 2831 271 2893 quippe
289 2830 412 2893 optimum
428 2831 601 2879 consultorem
613 2844 696 2893 suem,
736 2827 819 2889 prime
841 2826 898 2873 loco
916 2822 1038 2885 priorque
1057 2834 1161 2883 capere.
1178 2818 1260 2879 Virgi-

174 2919 250 2968 quem
267 2919 317 2954 ueu
335 2920 407 2954 secus
418 2920 492 2969 quam
505 2913 638 2969 parentem
651 2907 697 2954 mi·
735 2902 799 2951 lius:
812 2899 904 2948 ‘Silae
915 2896 1069 2960 preceperit
1078 2890 1261 2943 estsu’oud.

174 2983 211 3030 les
230 2983 312 3031 omnis
324 2982 491 3045 percolebat!
523 2983 613 3044 Deest,
629 2984 696 3046 ‘pn-
736 2978 806 3026 Fast.
817 2988 857 3024 tv.
879 2973 931 3021 ‘Et
947 2972 1029 3031 cauis,
1039 2969 1150 3018 icarium
1162 2965 1262 3024 dicunt,

174 3056 284 3118 tabant,’
305 3060 477 3107 consultorem
499 3073 571 3107 auum
588 3058 697 3108 scilicet.
737 3067 787 3116 quo
808 3051 892 3100 sidere
912 3054 982 3097 tuoto
1000 3047 1079 3094 'l'osta
1101 3043 1156 3090 sitit
1177 3041 1262 3101 tellus,

175 3132 241 3182 Qum
254 3140 279 3179 et
291 3132 346 3194 ipsa
357 3148 405 3182 soa
417 3148 468 3182 uon
480 3135 558 3197 vulgi.
575 3134 698 3199 (lldsers.
737 3127 940 3192 praetoremque
956 3117 1050 3183 seges?
1083 3116 1170 3165 Livius
1182 3125 1262 3162 ¹1¹¹·

176 3208 340 3271 ursulo.)
371 3210 437 3258 Vide
456 3224 513 3274 que
526 3209 697 3273 ludiceApu·
737 3205 824 3265 ‘Nox,
834 3200 936 3262 dieique
956 3192 1114 3257 insequentis
1138 3201 1207 3251 pars,
1230 3189 1262 3236 ad

175 3283 270 3344 leiauo,
289 3298 360 3345 voce,
381 3286 493 3341 Omissa,
515 3289 698 3349 constipemus.
737 3276 939 3345 preripiendum
949 3272 998 3319 iter
1008 3264 1199 3328 Plrlliopodata
1207 3264 1263 3319 est,’

175 3360 211 3409 Et
230 3362 265 3409 sic
284 3361 379 3408 emensi
397 3375 483 3409 sumus
498 3362 608 3423 primurn
624 3362 699 3423 trojus
738 3361 787 3404 dte.
838 3352 881 3398 Sic
908 3340 1092 3405 ‘milleium'
1120 3340 1264 3391 Sallustius.

175 3437 310 3501 scriptoris
337 3437 442 3497 librum,
463 3446 574 3486 ceteros
602 3437 699 3500 pariter
738 3432 813 3480 ‘Nou
830 3417 1194 3485 ,flumusquetrtgoqneque
1216 3416 1265 3464 ¹⁸⁸·

175 3513 357 3574 examinaturl,
380 3527 437 3561 curo
466 3513 547 3561 otiuru
573 3514 633 3575 erit,
655 3520 700 3560 aot
739 3492 1265 3562 situdiueruoperiri,sedomuialuaeau·

176 3588 283 3638 suimus.
313 3588 380 3638 lllud
392 3588 479 3638 dicere
491 3602 569 3650 cogor
578 3601 611 3636 ex
622 3601 649 3636 re
662 3587 699 3650 ip·
739 3575 871 3643 recipere?
903 3574 937 3624 0.
956 3569 1096 3633 ὃθΡῑῙῐΰῙΜ
1117 3581 1137 3617 ¹·
1152 3567 1265 3616 ⁶0³⁰„-

176 3679 215 3725 sa,
236 3665 303 3713 boue
323 3664 509 3729 quamplurima
531 3676 587 3712 esse
607 3663 632 3710 lu
652 3664 700 3712 boc
738 3656 808 3720 Troj·
842 3643 1266 3713 ‘Temllflffll¹⁰f0025⁰⁰³⁸⁸¹¹¹⁰⁰¹·

175 3748 290 3802 auctore,
310 3755 391 3803 pauca
410 3754 471 3788 sero
483 3739 609 3803 aequioris
620 3738 701 3787 secoli
739 3730 849 3798 pereni!
867 3728 978 3779 severs.
991 3736 1068 3773 xlvi·
1080 3725 1105 3770 8·

174 3816 281 3877 iudicia,
292 3829 399 3880 quorum
412 3814 521 3877 gratiam
538 3814 574 3862 illl
591 3812 702 3862 libenter
769 3805 858 3873 §billa
868 3799 1145 3860 ueomaisaar'usasaqss
1154 3793 1267 3843 cautem

175 3889 295 3951 fecimus,
306 3891 437 3953 precipue
449 3904 506 3938 cum
518 3889 701 3939 constetuobis
739 3888 802 3936 uasa
818 3878 963 3932 eoalatacliis
973 3873 1103 3935 lacerabat]
1121 3871 1267 3919 ‘Lacersre

175 3966 209 4015 ab
226 3966 427 4027 exscriptoribus
438 3966 509 4014 miris
525 3965 606 4014 modis
623 3967 703 4015 iuter·
741 3954 915 4011 coutumeliis'
926 3950 1041 4001 estvelut
1051 3945 1267 3997 existimationem

174 4042 289 4106 polatrrm
300 4050 328 4088 et
340 4042 539 4089 contaminatum
551 4055 620 4101 esse,
633 4041 703 4105 quod
741 4036 847 4098 alicujus
858 4033 1015 4089 discerpere.
1038 4022 1163 4085 Apuleius
1175 4036 1201 4082 p.
1209 4025 1266 4071 259.

175 4130 207 4165 se
217 4117 294 4164 etiam
305 4131 352 4165 usu
363 4123 501 4180 expertum
514 4116 644 4179 didicisse,
652 4118 702 4165 col·
741 4114 775 4162 Q,
787 4105 928 4171 Septimius
940 4116 972 4151 ιι.
988 4100 1134 4148 ‘Ca-terum
1155 4094 1268 4144 Achilles

174 4193 272 4242 latioue
292 4207 350 4240 cum
368 4192 474 4253 scriptis
491 4191 622 4240 codicibus
634 4192 702 4241 iusti·
742 4190 768 4237 iu
785 4197 831 4234 ore
849 4179 961 4230 omnium
980 4177 1114 4238 ipsumque
1132 4179 1160 4220 et
1179 4171 1268 4219 Mene·

173 4277 244 4330 tota,
264 4277 449 4319 commemorat
472 4269 547 4318 bomo
561 4268 656 4331 judicii
678 4276 704 4317 et
743 4252 981 4312 laumcoutumeliia
993 4245 1144 4300 lacerabat.'
1162 4245 1270 4294 Essuui-
