3006 4906
257 410 263 421 ¹
298 398 363 466 326
669 406 829 456 nanum
854 404 1013 455 renunn

298 552 438 620 eundem
453 550 734 635 Agamemnonem
748 550 887 615 minima
899 570 975 615 cnm
989 550 1166 616 discordia
1179 552 1250 617 lieri
1274 573 1364 637 posce.

299 659 385 724 ltem
399 658 647 731 commemorat,
663 651 756 735 quod
770 651 847 716 dum
868 652 898 716 is
922 670 1072 715 summos
1095 653 1274 735 imperator
1286 664 1368 731 esset,

299 778 355 823 res
370 775 529 841 prospere
544 761 648 837 gentse
658 754 737 830 sint,
747 760 781 818 et
790 753 875 816 eatis
888 751 1020 816 felicem
1029 754 1213 816 exercitum
1225 755 1319 817 fuisse
1328 774 1335 817 :
1344 756 1368 816 si

301 859 358 924 cui
373 855 455 941 quid
469 855 561 920 alind
576 852 863 929 videetn1,dicere
878 851 1011 916 suadet
1044 851 1171 917 Omnes
1183 854 1368 930 assentione

299 958 581 1040 Agamemnonem
595 973 759 1019 sommum
772 952 1010 1036 imperatorem
1024 953 1218 1035 praelicinot.
1240 955 1369 1019 Postera

300 1059 356 1123 die
365 1056 503 1140 Trojoni
517 1075 562 1120 ex
577 1054 703 1139 oppido
715 1055 789 1119 leti
802 1055 953 1119 inaciem
962 1054 1135 1137 prodeunt
1156 1054 1368 1137 Agamemnon

300 1163 415 1224 contra
429 1158 610 1223 exercitum
627 1157 756 1222 educit:
777 1155 896 1238 praelio
916 1156 1098 1220 commisso
1114 1164 1238 1239 uterque
1249 1156 1367 1218 exerci-

300 1268 356 1325 tue
369 1260 457 1325 inter
470 1256 683 1340 sefugantur.
727 1257 913 1340 Postquam
928 1258 1035 1342 major
1058 1276 1139 1339 pars
1153 1257 1215 1321 diei
1237 1258 1366 1333 transiit,

300 1360 452 1443 procedit
465 1359 499 1423 iu
513 1359 628 1442 primis
641 1359 791 1435 ll'roilus‚
807 1357 921 1436 caedit,
934 1358 1100 1434 devastat,
1110 1356 1249 1441 Argivos
1258 1359 1289 1421 in
1302 1377 1366 1421 cae·

300 1461 465 1539 trefngat
508 1459 649 1524 Postera
663 1459 718 1523 die
731 1459 870 1545 TroJani
891 1459 1075 1524 exercitum
1089 1460 1248 1524 educunt:
1267 1465 1369 1522 couno
1473 1530 1474 1545 χ

253 1636 256 1641 ,
300 1558 539 1641 Agamemnon.
584 1558 641 1623 Fit
663 1578 784 1641 magna
807 1560 931 1639 caedes,
956 1569 1096 1643 uterque
1116 1558 1369 1624 exercitaeiuter

300 1680 338 1724 ee
359 1668 519 1743 puguant,
543 1661 696 1744 praelium
721 1681 797 1729 acre
816 1663 863 1728 fit.
909 1661 1040 1726 Multos
1067 1661 1168 1726 duces
1187 1657 1369 1742 meorum

219 1844 222 1850 Ι
300 1759 432 1826 Troilus
460 1762 633 1828 interiecit
700 1763 872 1846 Pugnatur
900 1764 1071 1829 continuis
1102 1763 1215 1828 diebus
1240 1767 1365 1842 septem.

302 1860 531 1944 Agamemnon
546 1864 807 1948 induciaspetit
831 1867 867 1930 in
881 1865 967 1931 duos
988 1884 1130 1930 menses·
1175 1860 1369 1927 Palamedem

301 1961 479 2045 magnifico
493 1962 605 2028 sonere
619 1964 723 2042 effert,
740 1972 931 2049 ceterosque
947 1967 1051 2032 duces
1063 1983 1104 2030 ae
1117 1964 1240 2028 milites
1252 1962 1372 2044 utrique

303 2065 520 2147 sepeliendos
534 2072 662 2131 curant
704 2065 787 2147 [80]
802 2063 1042 2148 Agmemnon,
1050 2066 1129 2131 dnm
1142 2063 1286 2129 inducie
1299 2067 1372 2138 sut,

302 2165 406 2230 mittit
418 2165 462 2229 ad
476 2164 657 2244 Achillem,
672 2166 866 2247 Nestorem,
881 2166 1052 2249 Ulyssem,
1067 2164 1273 2240 Diomedem,
1285 2170 1318 2227 nt
1327 2182 1374 2226 ro-

302 2273 416 2348 garent
429 2268 523 2332 illum
537 2269 573 2332 in
586 2267 710 2333 bellum
724 2267 867 2352 prodite.
911 2268 1066 2350 Abnegat
1081 2266 1227 2332 Achilles
1236 2271 1374 2340 moeetos,

304 2372 394 2453 quod
413 2372 485 2455 jam
500 2373 727 2440 destinaverat
738 2374 774 2437 iu
789 2372 913 2437 bellum
934 2391 1005 2436 non
1018 2371 1163 2456 prodire,
1183 2371 1227 2434 ob
1242 2367 1274 2433 id
1293 2365 1374 2449 qnod

302 2473 500 2553 promineret
514 2474 679 2550 Hecube,
693 2475 850 2539 seminus
865 2480 1101 2557 pugnatorum,
1110 2471 1252 2555 eoquod
1263 2468 1375 2550 Polyx-

304 2589 401 2634 enam
416 2573 512 2637 valde
527 2576 670 2640 emebat
713 2575 827 2659 Coepit
848 2575 935 2639 male
958 2594 1017 2640 eos
1037 2575 1193 2656 accipere
1207 2571 1265 2655 qni
1287 2568 1327 2633 ad
1345 2585 1376 2631 se

303 2680 476 2750 venerant,
485 2674 598 2739 diceus
612 2682 809 2759 perpetuam
822 2695 941 2760 pacem
954 2676 1026 2741 fleri
1040 2681 1216 2760 oportere:
1230 2678 1314 2737 tanta
1324 2687 1375 2752 pe·

304 2769 410 2835 ricula
419 2773 516 2838 unius
531 2777 676 2841 mulieris
687 2797 793 2842 cauea
805 2778 1083 2854 fieri,libertatem
1094 2775 1282 2860 periclitari,
1292 2774 1375 2834 ento

303 2877 453 2955 tempore
464 2874 609 2941 diffidere
618 2886 646 2943 :⁰
660 2898 779 2962 pacem
792 2881 999 2963 expostulat,
1009 2897 1158 2963 pugnam
1166 2875 1274 2940 renuit
1291 2870 1377 2951 Agn-

305 2977 473 3041 memnoni
497 2979 714 3059 renuntietur,
731 2980 810 3065 quid
836 3000 914 3046 cnm
932 2980 1064 3046 Achille
1088 2983 1202 3043 actum
1221 2975 1270 3051 eit,
1287 2969 1376 3036 illuni

304 3060 516 3159 pertinaciter
529 3100 662 3163 negare.
707 3082 938 3165 Agamemnon
953 3101 1067 3146 omues
1090 3080 1194 3144 duces
1207 3080 1240 3142 iu
1253 3071 1377 3139 consili·

252 3246 256 3255 ,
303 3195 360 3242 um
375 3185 484 3257 vocnt,
500 3183 681 3246 exercitum
697 3184 851 3260 consulit,
864 3182 944 3266 qnid
959 3181 1031 3247 fieri
1046 3182 1177 3260 debeat,
1191 3180 1323 3271 imperat
1333 3171 1380 3236 dl·

306 3297 381 3344 cere
391 3280 471 3364 quid
487 3281 610 3366 cuique
625 3283 787 3349 videatur.
820 3283 996 3353 Menelaus
1009 3282 1130 3347 hortnri
1142 3281 1248 3365 coepit
1257 3277 1382 3341 tranen

246 3398 249 3403 ’
306 3398 414 3457 suum,
436 3388 475 3446 nt
500 3385 612 3465 potius
634 3386 798 3450 exercitus
812 3386 849 3450 in
863 3404 1011 3468 pugnam
1025 3384 1177 3469 prodeat,
1192 3401 1254 3446 uec
1268 3379 1383 3444 debere

304 3484 430 3558 terreri,
445 3484 475 3547 si
493 3483 643 3549 Achilles
659 3505 697 3550 se
712 3487 942 3552 excusaverit:
965 3506 1002 3550 ee
1023 3494 1135 3550 temen
1158 3495 1386 3567 persuasurum

306 3578 338 3640 ei
352 3584 391 3642 nt
405 3582 544 3661 prodeat
556 3586 591 3648 in
606 3585 742 3666 bellum,
764 3607 827 3653 nec
842 3587 950 3653 vereri
973 3587 1003 3650 si
1025 3579 1190 3651 noluerit.d
1231 3578 1388 3643 Comme·

223 3776 226 3783 Ι
305 3685 425 3756 morat,
439 3679 604 3765 Trojonos
618 3704 685 3750 non
699 3687 824 3753 habere
835 3688 941 3753 ulium
954 3688 1062 3752 virum
1078 3692 1144 3751 tam
1154 3684 1267 3747 sortem
1283 3696 1389 3763 qnam

798 3882 906 3936 NOTAE

337 4008 348 4034 ⁰
366 3999 442 4049 Tuan
463 4006 564 4068 ternpore
583 4007 702 4073 ὤμω]
729 4007 762 4057 Id
779 4016 831 4075 ert,
869 4011 929 4075 pa'it
945 4025 976 4061 na
991 4010 1110 4074 ereigaoit
1125 4009 1191 4072 potat
1205 4005 1267 4070 quit
1280 4006 1392 4079 nunti

305 4083 379 4128 tuoto
395 4085 511 4140 tempore
524 4081 634 4135 ineunte
647 4099 678 4136 er
687 4082 722 4136 de
731 4099 831 4136 summa
866 4103 920 4152 pue.
951 4088 977 4136 11
985 4102 1015 4137 ne
1024 4086 1146 4147 erripuit
1154 4084 1220 4148 ndat
1231 4081 1293 4146 §¹¹5¹
1300 4080 1389 4140 '6¹¹⁸-

306 4153 503 4217 reideeperase.
870 4163 922 4215 Sed
933 4163 1070 4214 uollnuoc
1080 4161 1183 4215 tainu.

335 4229 417 4280 ‘Nee
434 4228 549 4278 warini
564 4233 677 4296 ιοὶιινίι]
704 4236 774 4289 out
794 4239 830 4289 Et
