3034 4928
305 330 349 397 dt)
567 346 649 394 sac.
672 344 866 395 rssrzorrrr
890 343 1139 395 nrsssausrro

304 485 576 569 diligentissimus
599 485 780 549 Reinesius
801 483 846 548 ad
872 483 1060 568 Rupertum
1082 482 1191 568 Epist
1204 483 1276 571 67.)
1297 486 1396 571 ‘inji-

304 587 451 650 cieuses
470 586 505 649 in
528 604 639 667 rogum
655 582 1006 662 Parid18,’i,mdrds
1028 581 1146 662 diam,
1164 586 1282 671 βρόχοις
1299 590 1399 672 duay·

300 684 418 771 xtrira,
435 686 499 751 hee
521 693 587 762 est,
610 685 697 763 ‘rel,
712 685 895 749 seeundum
917 684 1054 768 Dictpn,
1068 684 1202 768 tsqneis
1223 686 1398 765 suffocata,

303 785 360 850 rel
374 785 517 869 denique
538 784 718 850 seeundum
734 782 999 868 Lycophrenem,
1014 784 1056 848 de
1077 787 1161 857 turri
1183 805 1222 850 se
1241 789 1400 872 praeeipi-

304 884 401 951 tans!
443 884 557 966 Adde,
571 885 674 950 etiam
686 885 801 950 Tretsi
816 884 992 967 astipulari
1007 883 1168 950 Malelam
1178 904 1256 970 pag.
1271 887 1350 953 141.
1366 896 1401 952 et

200 987 206 993 ’
305 985 503 1065 cedrenum,
518 988 577 1071 qui
598 986 728 1069 pariter
743 986 786 1049 de
800 984 944 1062 OEnone,
959 989 1046 1070 δαυηῑ
1062 984 1249 1071 &wisara
1271 989 1400 1073 misy,

303 1086 475 1170 ‘seipsam
496 1086 643 1152 extinxit
656 1082 864 1168 suspendio.'
907 1080 1034 1149 Verum
1051 1103 1128 1149 cum
1142 1085 1177 1150 hi
1194 1086 1274 1170 ipsi,
1290 1086 1399 1153 Muls-

303 1185 356 1249 las
371 1205 450 1269 pag.
465 1188 542 1253 156.
554 1190 616 1253 διο.
627 1192 664 1251 nt
677 1192 711 1251 et
723 1204 799 1269 pag.
817 1184 890 1249 lto.
905 1191 941 1249 et
954 1183 1126 1249 Gedrenus
1139 1205 1219 1268 pag.
1229 1188 1307 1253 127.
1321 1188 1400 1254 128.

302 1283 381 1352 1'29.
396 1287 473 1353 1³0.
489 1287 620 1353 aceede
635 1286 796 1352 Hectoris
811 1304 919 1368 usqne
936 1284 981 1351 ad
994 1303 1110 1350 nseem
1125 1284 1288 1365 Achillis,
1298 1288 1402 1353 imme

303 1392 338 1450 et
351 1392 488 1452 mertem
517 1387 663 1465 Paridis,
688 1404 827 1470 prorsus
849 1384 1051 1450 conveniant
1073 1386 1110 1449 in
1130 1385 1271 1452 eandem
1295 1387 1397 1470 piune

304 1504 414 1551 rerum
435 1506 598 1552 summum
613 1506 653 1552 aa
673 1489 781 1570 ipsam
798 1486 928 1564 seriem,
948 1483 1066 1571 (quam
1087 1485 1166 1551 vide
1186 1486 1274 1552 inira
1296 1485 1401 1571 519.)

304 1603 381 1649 eum
402 1593 517 1651 nestro
540 1586 704 1669 Septimio
727 1605 748 1649 u
769 1585 828 1650 lib.
844 1600 902 1649 ιιι.
924 1586 978 1649 15.
998 1604 1106 1668 usque
1127 1586 1171 1651 ud
1194 1587 1252 1651 lib.
1272 1602 1324 1651 tv.
1345 1586 1400 1652 22.

305 1685 374 1751 nisi
387 1687 478 1769 qued
491 1687 546 1752 hie
562 1687 659 1771 plura
673 1686 777 1769 paule
798 1684 931 1760 hebeat,
946 1684 983 1748 in
996 1684 1062 1749 hue
1077 1690 1187 1750 autem
1202 1704 1269 1751 nna
1282 1687 1402 1753 mortis

304 1784 554 1852 circumstantia
575 1786 748 1851 videantur
774 1784 970 1865 dissentire3
990 1783 1070 1849 ideo
1086 1784 1199 1851 nullus
1221 1805 1284 1868 ego
1307 1786 1402 1852 dubi·

304 1888 384 1963 tem,
407 1888 491 1969 quin
513 1887 605 1971 apud
621 1887 777 1953 Graecum
800 1886 928 1968 Diutyn
944 1884 1132 1950 adhibitum
1146 1886 1246 1952 fuerit
1262 1887 1403 1953 verbum

303 1987 451 2067 ambigui
465 2006 599 2065 seusus,
613 1993 648 2051 et
667 1987 882 2071 potissimum
896 1986 1024 2051 celebre
1046 1986 1127 2050 illud
1152 1986 1315 2071 ἂιίῃξατι,
1332 2007 1399 2071 que

302 2086 499 2169 sinpliciter
523 2089 633 2171 posite
655 2087 925 2171 frequentissime
950 2092 1086 2150 notetur
1111 2086 1339 2170 suspendium,
1364 2094 1401 2154 ut

301 2192 375 2251 erat
396 2187 430 2251 id
455 2207 558 2271 genus
579 2188 778 2253 voluntariae
791 2192 826 2250 et
838 2205 901 2270 per
915 2202 1090 2250 moerorem
1103 2185 1256 2267 quesitus
1277 2188 1398 2251 mortis

302 2274 567 2367 usitatissimum,
576 2288 638 2353 sed
654 2292 767 2354 tamen
779 2287 881 2352 etiam
895 2285 967 2351 ulia
980 2284 1237 2369 qualiscumque
1251 2304 1343 2351 mors
1356 2306 1401 2351 ex

303 2383 444 2451 tristitia
457 2394 492 2450 et
506 2406 625 2469 angore
639 2389 741 2452 animi
764 2387 869 2450 nimie
889 2391 973 2464 ortu,
987 2390 1028 2448 nt
1051 2384 1178 2467 liquide
1203 2384 1333 2449 ostendi
1357 2385 1399 2450 ad

303 2483 434 2548 AEiisni
449 2485 531 2549 Vsr.
547 2485 643 2550 Hist.
661 2503 696 2548 v.
710 2486 741 2551 Θ.
784 2484 897 2568 Atque
911 2486 959 2550 ita
978 2484 1120 2549 Tsetses
1141 2484 1178 2553 id
1200 2484 1338 2549 verbnm
1357 2486 1399 2550 de

301 2584 499 2666 suspendio,
529 2605 598 2668 que
627 2586 728 2650 medo
753 2584 898 2670 periisse
936 2584 1095 2649 OEnnnen
1128 2584 1267 2649 tradunt
1295 2586 1399 2650 etiarn

302 2681 539 2766 Apollodorus
561 2695 597 2750 et
611 2685 740 2766 Cenon,
759 2688 1008 2770 interpretetus,
1022 2684 1195 2751 addidisse
1212 2678 1344 2750 videtur
1357 2687 1400 2750 de

301 2800 377 2859 sun,
399 2783 528 2868 βρόχοις,
550 2786 642 2869 qued
671 2788 782 2869 ipsum
803 2786 883 2852 addi
911 2784 1048 2849 minime
1067 2790 1160 2849 esset
1184 2802 1285 2867 epus,
1307 2785 1339 2848 si
1366 2784 1399 2849 si

298 2879 503 2967 Ἀπᾶγχισθαι
515 2904 576 2968 per
586 2904 624 2949 se
634 2885 758 2950 nulium
775 2885 869 2949 alind
883 2903 986 2967 genus
1001 2884 1117 2949 mertis
1132 2902 1233 2967 quam
1249 2889 1400 2967 strangu·

299 2981 468 3061 ludunum,
490 3004 567 3067 quse
588 2985 712 3069 laqueo
735 2985 785 3061 fit,
810 2990 962 3050 notasset
985 2983 1077 3068 apud
1098 2983 1264 3049 Graues:
1287 2984 1399 3067 Septi·

298 3081 388 3146 mius
402 3100 483 3149 rere
504 3084 552 3147 itu
572 3086 749 3167 accepisse
773 3084 866 3162 illud,
880 3085 981 3168 quasi
1004 3102 1079 3148 eam
1094 3083 1335 3166 strangulasset
1349 3084 1399 3147 in·

298 3181 415 3247 elusus
443 3181 553 3260 dulor,
578 3189 615 3248 et
640 3184 818 3249 immodice
846 3183 1047 3250 suffocasset
1075 3183 1178 3248 animi
1210 3183 1398 3266 egritudo:

296 3281 396 3364 plane
417 3290 457 3349 ut
470 3283 529 3348 ulii
541 3304 677 3368 qnoque
695 3293 851 3350 auctores
876 3285 1004 3367 soepius
1025 3282 1108 3348 illud
1124 3279 1326 3367 'Animatus
1341 3303 1400 3366 per

297 3383 450 3460 generale
473 3385 611 3449 verbum
635 3385 795 3452 moriendi
820 3384 1045 3463 reddiderunt,
1066 3383 1159 3467 qued
1185 3382 1300 3448 itidem
1321 3384 1356 3447 d·
1375 3386 1399 3449 1.

297 3479 475 3560 probatum
491 3480 581 3545 dedi.

341 3593 423 3641 xrv.
445 3577 502 3643 ltu
522 3581 606 3643 satis
626 3581 699 3663 jam
714 3590 845 3668 eertum
856 3592 891 3648 et
905 3584 1032 3650 elsrnm
1047 3600 1124 3647 esse
1137 3586 1231 3665 puto,
1245 3582 1393 3650 Grecos
1459 3562 1478 3595 ‘¹

206 3712 214 3719 ·
296 3677 480 3760 scriptores
506 3696 572 3740 non
596 3679 701 3743 alium
722 3681 883 3746 habuisse
903 3688 938 3747 et
957 3681 1116 3747 lendasse
1139 3681 1276 3764 Dictyn‚
1291 3702 1395 3766 quam

295 3776 385 3841 hunc
413 3776 537 3859 ipsum,
562 3796 663 3860 quem
691 3779 872 3863 Septimius
894 3781 1017 3847 Latino
1040 3780 1212 3864 expressit
1232 3799 1400 3847 sermone.

296 3874 381 3939 Inde
392 3894 472 3940 sero
486 3877 647 3959 seqnitur,
663 3896 776 3943 rerum
798 3899 878 3962 ergo
892 3899 967 3945 esse
981 3879 1192 3956 hauddubie,
1207 3878 1298 3963 qnod
1309 3879 1398 3964 Sep·

295 3974 412 4040 timins
434 3976 509 4059 ipse
530 3977 616 4041 ultre
645 3977 827 4062 profitetur,
848 3999 886 4044 se
913 3983 924 4016 ‘
936 3976 1091 4044 libellos'
1111 3976 1217 4043 hosce
1241 3977 1398 4044 ‘Graeca

294 4074 464 4142 eratione'
487 4076 644 4160 scriptos,
667 4078 744 4143 ‘uti
766 4084 871 4158 erant,
893 4079 1011 4145 Latine
1032 4076 1256 4144 disseruisse?
1302 4078 1401 4145 Nam
