3006 4906
409 433 458 480 na
483 431 610 481 nxcrn.
633 432 760 483 'ruera
784 433 932 483 nrsroa.
1144 420 1211 489 325

113 598 197 661 qum
212 590 285 641 cum
298 573 440 639 Priamo
449 580 468 608 '
489 576 827 655 agamemnonicae
848 595 964 640 servus
981 574 1102 645 Achilli
1124 598 1210 645 uuu-

114 682 201 749 tiat:
219 677 369 742 Achilles
383 676 483 757 vulgo
497 675 654 759 queritur,
669 677 769 741 unius
784 677 929 742 mulieris
945 679 1089 746 Helenae
1104 700 1209 748 causa

116 786 220 844 totam
230 778 402 844 Grmciam
411 784 446 842 ct
457 778 627 859 Europam
642 777 843 845 aduocatam
856 798 943 857 esse,
953 786 1048 845 tauto
1059 789 1207 866 tempore

117 888 169 945 tot
183 880 291 945 millia
304 880 471 944 bominum
487 879 647 960 periisse3
669 886 721 942 tot
739 879 885 961 pericula
898 880 1001 961 adiri3
1022 882 1209 947 libertatem

119 982 156 1044 in
169 980 310 1064 ancipiti
324 999 418 1044 esse:
441 979 549 1043 unde⁸
573 978 644 1043 fieri
657 998 773 1061 pacem
792 979 920 1058 debere,
940 985 1105 1047 exercitus
1119 1002 1210 1048 rece-

122 1081 211 1146 dere.
254 1078 374 1146 Annus
390 1082 609 1146 circumactus
625 1088 686 1145 est.
717 1079 917 1146 Palamedes
931 1085 1116 1148 exercitum
1132 1085 1211 1149 edu·

121 1185 178 1261 cit,
194 1183 335 1247 iustruit
380 1184 461 1268 [28]
483 1181 682 1267 Deiphobus
708 1190 836 1247 contra.
878 1184 1029 1249 Achilles
1051 1187 1155 1251 iratus
1175 1187 1210 1250 in

119 1284 274 1366 praelium
296 1303 362 1349 uon
384 1282 508 1366 prodit.
551 1282 750 1347 Palamedes
765 1285 978 1352 occasionem
992 1293 1125 1364 nactus,
1150 1287 1212 1350 im·

121 1385 329 1467 pressionem
342 1385 376 1447 in
390 1383 604 1467 Deiphobum
624 1381 715 1458 lacit,
736 1393 860 1447 etcum
877 1386 1055 1449 obtruncat
1068 1394 1100 1445 τ’
1122 1406 1208 1470 pree·

122 1487 206 1551 lium
222 1502 299 1550 acre
311 1486 461 1569 insurgit,
482 1485 526 1549 ab
542 1485 689 1566 utrisque
704 1486 852 1568 partibus
867 1485 972 1550 malta
988 1485 1093 1550 millia
1105 1486 1211 1552 bomi-

123 1608 201 1652 num
214 1587 349 1653 cadunt
392 1586 594 1652 Palamedes
606 1586 647 1650 in'
656 1588 764 1669 prima
776 1587 848 1649 acie
861 1592 1028 1668 versutum
1051 1587 1211 1653 bortatur-

123 1709 188 1771 que
216 1695 253 1753 ut
276 1689 430 1772 praelium
455 1687 583 1751 sortiter
611 1692 735 1768 gerant.
779 1684 905 1749 Contra
928 1707 1005 1753 earn
1035 1689 1210 1770 Sarpedon

124 1789 249 1873 Lycius
274 1789 427 1865 occurrit,
441 1807 584 1872 eumque
610 1786 809 1853 Palamedes
834 1786 1007 1850 interficit.¹
1050 1788 1101 1852 Eo
1123 1789 1211 1857 iacto

125 1890 227 1955 laetus
243 1891 277 1954 iu
287 1893 366 1956 'acie
377 1899 530 1955 versatur.
574 1890 639 1955 Cui
653 1888 818 1953 exultanti
841 1894 877 1950 et
897 1888 1049 1969 glorianti
1063 1888 1213 1954 Alexan·

127 1991 187 2073 der
200 1990 297 2055 Puris
313 1992 432 2074 sagitta
453 1992 577 2057 collum
602 1989 791 2072 transfigit·
833 1987 984 2073 Phryges
1005 1991 1213 2055 animadver-

126 2099 210 2169 tunt,
226 2093 292 2157 tela
305 2094 494 2177 conjiciant,
510 2101 612 2174 atque
626 2092 674 2156 ita
689 2089 891 2154 Palamedes
906 2090 1079 2155 occiditur.
1118 2091 1212 2176 Rege

126 2194 256 2270 occiso,
271 2193 386 2276 Argivi
398 2194 531 2272 cedunt,
545 2192 684 2277 'l'rojaui
699 2196 948 2276 persequuntur,
963 2199 1074 2258 castra
1087 2213 1214 2277 oppug-

124 2303 215 2377 nant,
228 2316 335 2363 naues
349 2297 540 2375 incendunt,
554 2295 666 2361 cuncti
689 2293 944 2376 impressionem
960 2286 1096 2372 iaciunt,
1109 2296 1215 2378 turpi·

72 2414 76 2427 ·
124 2403 173 2460 ter
186 2397 311 2464 Achiui
324 2406 417 2481 terga
431 2405 574 2476 vertunt,
587 2399 621 2462 in
636 2404 748 2462 castra
763 2393 962 2477 confugiunt.
994 2393 1118 2461 Achilli
1132 2416 1218 2462 nun·

126 2497 247 2562 tiatum
267 2506 341 2565 est:
372 2499 570 2564 dissimulat.
614 2496 706 2580 Ajax
727 2494 945 2560 Telamonius
969 2493 1146 2561 sortissime
1159 2497 1216 2561 de-

127 2598 251 2665 fendit:
262 2598 276 2636 ⁸
289 2620 361 2665 uox
375 2600 528 2684 praelium
539 2597 672 2663 dirimit.
716 2595 833 2678 Argivi
847 2594 1011 2659 incastris
1023 2594 1216 2689 Palamedis
1232 2656 1236 2665 .

32 2738 36 2744 «
127 2701 316 2780 scientiam,
332 2703 537 2786 aequitatem,
549 2699 747 2774 bonitatem,
762 2696 969 2761 clementiam
981 2697 1214 2763 lamentantur.

125 2802 211 2885 [aa]
224 2802 363 2887 Tr0jaui
378 2802 602 2886 Sarpedonem
618 2807 654 2864 et
669 2797 883 2880 Deiphobum
899 2794 1030 2862 deflent.
1073 2796 1214 2877 Nestor,

125 2905 182 2986 qui
196 2905 307 2988 major
321 2914 395 2969 erat
408 2909 499 2981 natu,
513 2906 616 2966 noctu
629 2899 733 2963 duces
753 2898 788 2962 in
802 2897 974 2961 cumdium
989 2905 1120 2977 evocat,
1136 2918 1214 2964 sua·
1298 2922 1304 2933 ’

125 3004 196 3083 dot,
204 3006 367 3084 bortatur,
377 3004 435 3071 ut⁶
446 3005 679 3088 imperatorum
690 2998 885 3084 praeficiant,
895 3003 930 3063 et
943 3000 973 3063 si
987 2998 1037 3062 eis
1047 2998 1211 3074 videatur,

586 3194 763 3217 ”unm

159 3321 178 3365 o
198 3317 243 3366 Uti
254 3315 346 3381 Delph.

620 3458 727 3512 NOTAE

155 3604 172 3628 n
190 3593 396 3645 fflmflmp.
412 3609 464 3658 w
478 3607 531 3644 ο...
546 3591 656 3655 pm]
694 3582 792 3633 dicunt.
821 3577 1061 3632 vidallom.ll.n.
1088 3574 1219 3642 nuirpud

121 3671 236 3721 Hecuba
245 3683 323 3720 serre
335 3667 401 3719 dicit
416 3670 517 3731 eadem,
527 3683 584 3734 qua
595 3680 654 3718 cum
694 3659 804 3722 Dictyu.

121 3746 231 3795 Priamo
240 3752 344 3807 egerat.
726 3729 1222 3793 wandalarius-sitamma-

156 3825 171 3851 ⁸
190 3821 270 3884 Unde]
286 3820 320 3869 ld
331 3827 381 3874 est.
393 3835 482 3883 quare.
688 3810 762 3877 figit]
776 3808 909 3872 Nusquam
920 3805 981 3855 alibi
990 3804 1178 3869 tegereperrtr,
1186 3805 1220 3855 ab

158 3901 171 3936 5
192 3894 432 3959 Etmehtrsmt]
447 3894 656 3951 ,Aballlrornnl-
695 3885 844 3938 Alexandro
864 3879 1028 3935 Palamedem
1051 3882 1222 3940 uulneratum,

121 3969 177 4018 bue
199 3967 320 4030 discedit,
337 3971 380 4034 qui
402 3970 520 4020 reribuat
541 3969 656 4034 Delphu-
696 3960 827 4013 etdelnde
843 3960 882 4009 ita
897 3958 1029 4015 cedrum,
1049 3956 1102 4007 lled
1117 3955 1151 4006 de
1166 3956 1223 4020 ejm

121 4046 191 4095 bum
204 4058 220 4092 a
233 4043 350 4095 Menelao
358 4048 482 4097 occisum.
508 4045 577 4096 Vide
586 4044 655 4110 apud
695 4047 786 4100 morte,
797 4035 855 4085 ride
866 4030 935 4096 apud
946 4031 1053 4095 chtyu.

116 4122 240 4185 Dictyu·
726 4112 820 4174 *Due
837 4108 985 4160 Telamonius
993 4104 1127 4167 fortiniane
1140 4106 1220 4166 desee-

150 4207 163 4233 ι
182 4197 296 4260 Errurpu
306 4196 446 4247 Palameden
456 4194 583 4262 interficit]
603 4193 656 4245 aad
693 4190 743 4254 dit]
769 4191 810 4240 Ex
830 4187 945 4237 Homero
965 4193 993 4238 et
1013 4186 1101 4251 chty,
1121 4192 1221 4235 mamre

115 4275 162 4326 atii
182 4285 279 4323 omues
295 4287 354 4323 eum
374 4272 529 4323 aPrtrcelo
544 4269 656 4325 acetrum
695 4274 929 4331 tantumtempora.
