3052 4916
286 418 354 485 uta
622 426 784 479 norrrrs
810 424 1020 477 urrunnun

286 579 376 643 donn
398 575 458 637 tus.
481 576 511 635 iu
535 571 613 637 aiut.
627 571 777 645 Cauta,
800 569 933 631 meminit
948 568 1125 630 hnbaeius
1148 568 1186 629 T.
1200 587 1243 629 ιι.
1266 590 1300 651 p.
1314 572 1387 635 94⁸.

284 674 407 740 utne·
420 670 541 736 codices
551 670 629 735 Hes.
643 667 749 731 laudat
762 665 915 749 Mergitur
928 665 966 729 T.
982 685 1007 727 1.
1021 662 1101 728 bibl.
1114 662 1227 727 Siculus
1238 687 1271 748 p.
1284 669 1358 730 266.

286 1153 501 1220 Hauuurtns
515 1147 702 1218 Fabricius.
745 1145 963 1212 Editionibus
978 1146 1022 1210 eb
1036 1164 1079 1211 eo
1098 1145 1245 1211 breviter
1258 1166 1387 1212 menso·

284 1256 370 1322 ratis
383 1261 495 1321 menet
508 1259 547 1319 ut
560 1251 771 1327 recentiores,
782 1248 839 1313 vel
855 1250 899 1313 ab
910 1267 954 1313 eo
968 1246 1114 1326 omissas,
1127 1248 1303 1313 addantur.

328 1357 452 1440 Dictys
474 1353 646 1420 cretensis
670 1360 705 1417 ct
728 1350 840 1416 Dares
864 1349 1042 1435 Phrygius
1063 1353 1147 1433 ‘per
1166 1350 1387 1418 Guillelmuru

284 1455 519 1538 Schonberger
538 1453 583 1519 de
605 1451 827 1518 Frsukfordia
842 1448 1089 1517 Alamannum’
1111 1452 1265 1536 imprcss.
1292 1454 1387 1520 Mes-

284 1574 357 1623 sau.
368 1555 466 1622 1498.
475 1557 544 1622 ito.
558 1554 614 1621 cf.
626 1551 744 1621 Metto
762 1549 883 1618 Annal.
897 1553 1047 1639 Typogr.
1061 1552 1181 1638 psov.
1195 1561 1231 1618 et
1241 1553 1386 1636 Passer,

284 1657 406 1724 Anuai.
419 1654 568 1745 huogi.
579 1656 625 1723 T.
640 1666 682 1721 ιι.
696 1674 732 1740 p.
747 1653 825 1721 110.

327 1759 452 1847 Dictys
468 1758 651 1837 Cretensis,
670 1757 801 1844 absquo
822 1756 894 1821 ulla
915 1763 1008 1834 nota,
1033 1754 1182 1822 charact
1197 1754 1299 1823 Gotb.
1310 1759 1385 1826 siue

285 1861 479 1948 signaturis,
487 1859 699 1938 custodibus,
710 1865 748 1925 et
759 1858 961 1945 paginarum
971 1857 1130 1938 numeris,
1137 1859 1207 1925 tto.
1217 1858 1386 1943 Colonia,
1414 1872 1419 1881 ’

285 1970 325 2031 ut
347 1964 490 2044 videtur,
514 1964 666 2049 imorem.
692 1962 786 2028 circa
813 1960 914 2027 finem
942 1980 1024 2027 saec.
1049 1975 1118 2024 xv.
1164 1960 1219 2027 Gt.
1241 1961 1388 2029 Pauueri

286 2063 411 2132 ΑιιιιιιΙ.
425 2065 575 2151 Typogr.
588 2065 631 2131 T.
649 2081 675 2131 1.
689 2083 725 2149 p.
737 2063 814 2131 346.
859 2063 914 2130 De
932 2062 1035 2141 Bure,
1056 2062 1308 2151 Bibliograpbie
1330 2064 1388 2132 lu·

287 2167 462 2246 structive,
474 2167 517 2234 Τ.
527 2184 561 2233 v.
569 2187 605 2253 p.
619 2166 696 2234 476.
710 2166 743 2234 9.
752 2173 787 2232 et
796 2165 838 2232 T·
850 2163 890 2232 Τ.
902 2161 1042 2230 Dibdiui
1051 2163 1216 2230 Bibliotb.
1225 2165 1388 2251 spencer.

284 2269 328 2336 Τ.
346 2286 388 2335 ιι.
401 2292 436 2357 p.
450 2271 563 2338 1416.

327 2373 441 2441 Dares
453 2372 631 2459 Phrygius,
645 2372 773 2457 absque
787 2369 857 2437 uita
871 2376 965 2450 nota,
979 2368 1128 2437 charact
1140 2369 1242 2437 Goth.
1254 2369 1327 2437 ato
1338 2372 1387 2438 ab

283 2471 404 2541 Uirico
420 2474 510 2548 zeli,
524 2473 644 2543 Goion.
658 2473 812 2559 impress.
825 2476 863 2537 ut
876 2478 976 2556 putat
990 2470 1164 2539 Dibdinus
1176 2474 1213 2540 iu
1225 2473 1389 2541 Bibliotb

282 2575 325 2640 Τ.
342 2591 386 2638 ιι.
408 2594 469 2660 pp.
483 2573 516 2641 6.
530 2576 564 2644 9.
608 2575 662 2643 cf.
677 2575 803 2641 Braun.
820 2571 1019 2659 Notfflist.
1040 2573 1109 2641 Iit.
1127 2572 1171 2640 T.
1184 2590 1210 2639 r.
1224 2596 1262 2661 p.
1276 2576 1333 2643 tu
1353 2584 1389 2645 et

284 2673 423 2741 Pmsr.
436 2673 563 2742 Aurini.
577 2677 729 2761 Typogr.
743 2676 787 2747 Τ.
800 2693 852 2743 ιν.
867 2694 903 2760 p.
916 2674 995 2743 281.
1025 2674 1142 2742 Editio
1155 2674 1338 2764 Princeps,
1350 2680 1390 2748 ut

282 2770 429 2837 ridetur.

326 2874 441 2941 Dares
462 2874 643 2975 Phrygius,
663 2878 795 2963 ubsque
816 2878 890 2944 ulla
907 2885 1002 2960 nota,
1022 2879 1169 2943 charact.
1193 2877 1298 2942 Rour.
1312 2880 1387 2944 tto.

284 2976 349 3047 Ed.
363 2978 516 3064 notique,
530 2979 604 3045 sine
620 2980 812 3065 signaturis,
825 2981 1038 3060 custodibus,
1059 2985 1094 3046 et
1105 2978 1305 3067 paginarum
1319 2998 1388 3046 nu·

284 3079 395 3148 meris.
438 3079 493 3146 Gi.
509 3079 586 3147 Cat.
602 3081 692 3145 Bibl.
707 3083 829 3146 Piueil.
843 3083 885 3148 Τ.
896 3101 939 3146 ιι.
952 3105 989 3168 p.
999 3082 1077 3149 884.
1091 3087 1125 3150 et
1136 3082 1180 3148 T.
1190 3098 1243 3147 ra.
1256 3102 1295 3168 p.
1307 3081 1387 3150 anu.

285 3181 425 3249 Panzor.
449 3181 574 3247 Annal.
593 3181 743 3268 Typogr.
762 3182 808 3249 T.
825 3199 875 3248 ιν.
897 3204 932 3269 p.
946 3186 981 3251 7.
997 3192 1034 3252 et
1047 3183 1214 3253 Biblioth.
1230 3183 1389 3271 Smer.

284 3281 575 3370 Tmew.
787 3300 791 3307 ’

329 3386 442 3454 Dares
464 3386 640 3472 Phrygius,
663 3385 794 3471 absque
816 3385 889 3452 ulla
911 3395 1003 3468 nota,
1027 3387 1178 3457 chamot.
1197 3389 1308 3457 Goth.
1319 3390 1390 3458 ito.

285 3487 359 3551 siue
373 3489 567 3570 signaturis,
581 3487 795 3567 custodibus,
812 3493 847 3553 et
861 3488 1058 3573 paginarum
1072 3493 1230 3567 numeris,
1244 3492 1316 3555 solt
1333 3492 1390 3558 18.

285 3584 340 3651 cf.
355 3586 581 3656 Braun.'Not.
597 3589 692 3655 Hist.
708 3590 777 3656 Lit.
792 3589 833 3656 Τ.
851 3607 877 3654 ι.
900 3611 935 3677 p.
950 3590 1006 3658 66.
1028 3590 1110 3655 ‘ubi
1129 3588 1245 3668 editio,
1269 3594 1310 3655 ut
1337 3592 1390 3657 ri·

285 3686 391 3770 detur,
419 3689 554 3758 diversa
586 3690 766 3771 excitatur,
803 3689 1014 3759 coloniensis
1043 3700 1168 3772 tamen,
1195 3690 1391 3781 isdemque

285 3790 400 3878 typis.²
442 3792 585 3861 Panuer·
599 3791 721 3859 Auuai.
732 3792 881 3881 Typogr.
894 3794 937 3861 Τ.
953 3812 979 3860 ι.
994 3817 1031 3883 p.
1042 3793 1121 3863 348.

328 3893 439 3962 Dares
462 3896 641 3983 Phrygius,
667 3896 798 3984 absquo
817 3898 888 3966 ulla
912 3903 1003 3981 uota,
1026 3899 1095 3965 tto.
1117 3896 1290 3964 ‘charact
1312 3896 1390 3964 lat.

190 4018 195 4025 ·
287 3989 456 4163 (tegern
484 3999 528 4066 do
555 3997 736 4067 Flauinia?
772 3999 912 4071 Panuer.
935 3999 1058 4068 ΑιιιιιιΙ.
1081 3998 1234 4085 Typogr.
1257 3999 1303 4069 T.
1332 4015 1389 4067 ιιι.

330 4197 441 4279 Dares
456 4199 634 4287 Phrygius,
649 4204 762 4272 Paris.
777 4203 876 4275 loa).
888 4206 958 4275 no.
971 4224 1051 4274 cum
1065 4203 1192 4289 figuris.
1237 4209 1251 4243 ³
1264 4199 1388 4273 laon-

288 4280 366 4369 cinb
381 4301 522 4373 Nicolai
537 4302 579 4372 de
593 4304 721 4385 Pratis,
735 4325 797 4391 pro
812 4306 916 4379 Petro
932 4304 1115 4378 Gouoan‘
