3006 4906
435 397 484 444 nu
508 389 638 446 exoro.
660 397 787 447 naurs
810 400 957 450 uranos.
1170 388 1236 457 82⁷

141 541 280 607 Hector
291 538 367 605 fuit.
413 537 598 604 Diomedes
613 544 646 604 et
662 539 804 625 Ulysses
818 541 929 608 dicere
943 550 1126 628 coeperunt,
1140 549 1235 615 Trai·

141 643 217 707 lum
231 662 297 707 non
310 643 422 705 minus
437 640 558 706 fortem
571 642 677 739 vimm
692 662 884 727 essequam
900 645 1100 713 Hectorem:
1115 650 1234 734 sicque

144 742 310 807 Menelao
323 743 519 806 resistentes
532 742 656 807 bellum
671 744 738 823 geri
760 744 988 828 prohibebant
1032 746 1174 815 Calchas
1188 772 1235 817 ex

141 844 287 925 augurio
300 842 485 926 respondit,
501 842 620 907 debere
634 862 791 926 pugnare,
804 865 866 911 nec
880 866 996 911 curare
1009 847 1122 931 quod⁷
1135 853 1233 917 modo

145 945 335 1027 superiores
349 942 487 1025 Trojoni
499 942 630 1006 fuerint.
674 944 758 1027 [31]
777 945 927 1030 Tempus
941 967 1061 1031 pugnae
1077 967 1234 1034 superva-
1251 1016 1254 1023 Δ

144 1045 207 1110 nit.
252 1044 492 1126 Agamemnon,
508 1043 693 1123 Menelaus,
711 1046 901 1126 Diomedes,
924 1047 1030 1132 Ajax,
1053 1052 1234 1119 exercitum

143 1145 308 1210 educunt:
335 1152 453 1209 souma
478 1144 628 1227 Trojaui.
691 1147 749 1211 Fit
776 1169 893 1231 magua
922 1150 1044 1227 credes,
1070 1161 1235 1235 pugnatur

143 1248 276 1323 acriter,
288 1252 426 1329 uterque
441 1247 609 1310 exercitus
622 1248 707 1313 inter
720 1271 757 1313 se
771 1253 924 1316 saeviunt.
966 1252 1100 1316 Troilus
1116 1252 1234 1318 Mene·

142 1347 239 1410 laum
254 1346 392 1423 modat,
404 1346 529 1411 multos
541 1347 707 1426 interficit,
720 1351 863 1432 Argivos
874 1351 907 1415 iu
918 1357 1029 1416 castra
1038 1352 1130 1436 sugat
1142 1375 1151 1428 3
1165 1373 1234 1418 nox

145 1447 298 1530 proelium
313 1446 443 1512 dirimit.
489 1448 632 1514 Postera
645 1450 699 1515 die
713 1451 846 1516 Troilus
861 1458 895 1518 et
902 1452 1095 1518 Alexander
1107 1456 1233 1519 exerei-

143 1557 217 1613 tum
246 1549 402 1614 educunt.
460 1548 585 1614 Contra
613 1569 730 1615 omnes
760 1551 876 1636 Argivi
905 1554 1089 1637 prodeunt:
1111 1557 1232 1621 acriter

142 1651 310 1732 utrimque
334 1654 508 1733 pugnatur.
549 1649 682 1714 'Troilus
702 1652 898 1717 Diomedem
914 1655 1065 1720 sauciat:
1087 1656 1126 1719 iu
1142 1653 1232 1739 Agn-

141 1769 356 1815 memnonem
377 1751 629 1833 impressionem
644 1749 736 1825 iacit,
750 1769 880 1815 necnon
895 1751 1016 1817 faciam
1031 1755 1139 1837 ipsius
1154 1776 1232 1821 sau·

142 1852 228 1925 ciat,
254 1849 400 1932 Argivos
422 1851 530 1916 oaedit
574 1851 640 1916 Per
666 1851 798 1934 aliquot
819 1851 894 1916 dies
919 1861 1082 1934 pugnetur
1103 1856 1232 1935 acriter,

144 1953 256 2016 multa
267 1952 373 2017 millia
386 1951 554 2018 hominum
570 1971 611 2016 ex
628 1961 765 2036 unaque
778 1958 869 2035 parte
882 1952 1099 2018 trucidantur.
1141 1954 1232 2037 Aga·

143 2073 313 2129 memnon,
337 2061 374 2120 ut
396 2054 483 2119 vidit
505 2054 665 2136 majorem
690 2062 820 2135 partem
844 2054 1010 2119 exercitos
1027 2073 1065 2118 se
1080 2055 1232 2138 qnotidie

142 2156 307 2232 amittere,
331 2175 439 2240 neque
455 2154 606 2219 sufficere
622 2174 738 2238 posse,
758 2154 859 2219 mittit
872 2155 1025 2219 inducias
1039 2163 1174 2239 petere·
1195 2159 1230 2222 in

140 2276 203 2323 sex
216 2277 358 2322 menses.
403 2257 561 2321 Priamus
576 2256 752 2321 concilium
768 2256 868 2338 cogit,
892 2255 1017 2319 indicat
1030 2254 1230 2338 Argivorum

139 2359 349 2440 legntionem.
392 2357 528 2423 Troilus
542 2364 641 2441 negat
655 2358 727 2421 dari
750 2367 819 2420 tam
843 2355 945 2438 longo
965 2362 1112 2441 tempore
1136 2358 1232 2424 indu·

142 2460 227 2536 cias,
241 2459 300 2524 sed
314 2461 430 2542 potios
444 2461 692 2543 impressionem
707 2455 802 2537 fieri,‘
819 2477 923 2523 naves
947 2457 1092 2523 incendi.
1136 2460 1230 2526 Pria·

140 2580 220 2624 mus
231 2562 312 2645 quid
327 2562 450 2644 cuique
464 2559 614 2625 videatur
633 2560 745 2625 dicere
766 2561 921 2643 imperat.
976 2559 1140 2625 Omnibus
1155 2563 1229 2644 plo·

140 2662 243 2727 citom
258 2668 321 2741 est,
336 2662 459 2729 debere
474 2661 544 2726 fieri
559 2661 649 2745 quod
664 2662 779 2745 Argivi
795 2667 928 2744 petum:
944 2667 1024 2726 tunc
1038 2661 1230 2729 finntindu·

138 2763 203 2828 cite
219 2765 254 2828 in
268 2781 334 2827 sex
347 2782 488 2829 menses
531 2758 760 2844 Agamemnon
775 2762 954 2828 honorifice
970 2783 1051 2829 suos
1064 2765 1230 2846 sepelien-

137 2864 204 2930 dos
220 2872 339 2930 curat:
363 2865 575 2943 Diomedem,
593 2864 785 2928 Menelaum
803 2866 940 2930 saucios
955 2873 1060 2929 curat.
1095 2865 1230 2949 Trojani

136 2987 237 3051 aeque
254 2986 339 3031 suos
354 2966 530 3049 sepeliunt
574 2967 667 3030 Dum
680 2964 824 3030 induciae
834 2973 927 3041 sunt,
941 2965 1170 3048 Agamemnon
1184 2985 1230 3030 ex

135 3068 275 3133 consilii
289 3069 456 3134 sententio
470 3062 697 3132 ad'Achillem
719 3086 795 3130 cum
823 3067 969 3131 Nestore
992 3065 1229 3149 proficiscitur,

135 3175 174 3231 ut
187 3177 325 3249 rogaret
338 3189 413 3235 eum
436 3171 472 3249 in
495 3168 619 3233 bellum
642 3167 785 3250 prodire.
829 3166 977 3231 Achilles
992 3166 1099 3230 tristis
1113 3182 1231 3246 negare

138 3270 252 3352 coepit
265 3289 302 3332 se
316 3269 530 3352 proditorum,
544 3271 605 3335 sed
620 3288 739 3353 pacem
763 3270 833 3349 peti
855 3276 1016 3350 oportere,
1031 3263 1188 3346 conqueri
1199 3272 1230 3328 :⁸

167 3534 184 3578 7
203 3530 259 3587 Quo
272 3529 368 3594 Delpli.
392 3586 397 3593 ,

633 3672 741 3725 Nom

166 3780 179 3806 ·
197 3770 283 3821 nera
299 3768 407 3819 worn
421 3769 511 3833 paors]
536 3769 666 3819 ‘Petere’
708 3767 755 3818 re!
788 3765 840 3817 Ubi
861 3763 936 3815 deest
961 3763 1067 3814 rethom
1093 3762 1230 3818 contraria

134 3843 344 3913 promerituros
369 3842 441 3903 virg.
460 3843 600 3906 ‘Suspensi
615 3844 667 3893 Eu·
707 3839 1116 3908 slgnlflcrtlonisrerbonegam
1138 3854 1234 3907 nempe

134 3921 262 3988 rypylum
270 3919 667 3970 aeitatnmoracnlaPlioehiliit·
706 3919 780 3981 dicit,
791 3920 909 3984 imperat.
937 3917 977 3966 De
986 3929 1039 3981 quo
1049 3915 1169 3981 loquendi
1178 3932 1231 3968 mo·

132 3993 240 4050 rinus!
439 4048 443 4055 ,
706 3995 740 4045 do
751 3995 852 4046 abunde
860 3991 933 4058 apud
942 3989 1048 4054 Dietyn⁴
1249 3988 1253 3999 '

168 4073 181 4107 ¹
194 4071 248 4121 Sd
263 4070 339 4134 potin
349 4068 523 4132 inueniam
531 4069 602 4133 flori]
623 4071 665 4121 sic
738 4067 891 4135 sesanam]
903 4069 1003 4132 Repete
1014 4066 1231 4134 ‘coplt,'raom·

125 4164 195 4204 mex
209 4148 264 4196 line
275 4145 384 4210 pagina:
402 4142 522 4208 ‘Nagara
540 4146 621 4206 capit
636 4160 666 4195 aa
705 4147 785 4197 muel.

125 4224 312 4295 proditurum,
322 4218 370 4270 sed
386 4231 477 4282 pacem
494 4218 550 4282 peti
564 4226 666 4282 oporte·
