3034 4928
289 423 333 491 88
547 436 629 485 rac.
652 433 846 484 cnarzortrr
872 430 1122 481 nissnnrrrro

290 592 359 648 tum
375 578 570 646 Memnonis
591 577 712 642 collum
737 575 837 638 hasta
855 573 1039 656 trajecisse,
1061 577 1097 635 et
1121 571 1169 634 ita
1189 590 1268 637 enm
1290 576 1379 639 oeci·

290 684 403 748 disse:
425 680 511 745 Eum
533 680 647 762 ipsum
662 675 738 740 dein
759 674 882 738 vicisse
897 672 1009 736 denno
1023 670 1199 753 Trojanos,
1212 678 1246 736 et
1259 681 1380 756 captos

291 782 418 848 Priami
443 781 544 858 lilios,
570 778 719 863 Troilum
742 782 777 838 et
806 774 1007 857 Lycaonem,
1027 772 1213 855 jugulasse:
1236 773 1382 858 denique
1498 814 1499 817 κ

292 904 367 950 cnm
381 882 524 946 induciae
545 885 656 944 essent
677 881 812 960 propter
833 874 970 937 solenne
993 871 1185 954 Thymbraei
1197 870 1382 957 Apollinis,

292 992 327 1048 et
341 984 384 1048 ab
398 984 548 1065 utrisque
562 999 662 1044 sacra
676 977 790 1041 fierent
804 976 837 1037 in
857 975 930 1058 ejus
952 973 1030 1038 luco
1051 981 1144 1037 extra
1161 974 1271 1050 Ilium,
1286 974 1383 1040 Pria·

293 1102 383 1148 mum
409 1083 541 1146 misisse
563 1081 694 1144 Idaeum
716 1077 761 1142 ad
782 1075 950 1141 Achillem
979 1076 1020 1139 de
1040 1074 1217 1158 Polyxena
1236 1078 1304 1158 ipsi
1327 1076 1383 1141 de-

295 1182 501 1267 spondenda,
509 1180 674 1246 Achillem
691 1197 769 1242 vero
778 1177 960 1258 separatim
973 1195 1048 1239 curu
1061 1176 1155 1240 ldaeo
1167 1177 1384 1250 collocutum,

292 1284 393 1367 idque
406 1281 547 1347 Graecos
559 1281 696 1363 sequius
712 1280 905 1361 accepisse:
929 1277 1013 1341 Mox
1025 1279 1212 1341 accessisse
1225 1276 1385 1345 Paridem

293 1389 328 1448 et
349 1382 572 1465 Deiphobum,
592 1399 734 1464 quornm
759 1378 817 1442 ille
831 1376 1007 1455 Achillem,
1030 1398 1128 1461 quern
1149 1377 1206 1442 hie
1227 1398 1288 1460 per
1309 1400 1386 1464 spe-
1498 1462 1499 1467 ἵ

293 1483 379 1549 ciem
397 1484 555 1548 amicitiae
581 1482 778 1565 complexus
794 1481 939 1556 tenebat,
954 1479 1041 1563 apud
1064 1499 1154 1544 eram
1177 1481 1289 1563 gladio
1305 1502 1386 1547 cun·

294 1582 435 1647 sederit:
458 1588 525 1665 qno
546 1581 638 1646 iacto
661 1581 738 1644 illos
761 1580 830 1643 alia
846 1580 914 1656 vie,
930 1599 1029 1662 quam
1045 1600 1113 1663 qna
1126 1589 1294 1659 venerant,
1308 1583 1386 1647 luco

295 1700 456 1765 egressos,
480 1702 577 1747 cursu
598 1680 808 1747 contendisse
832 1680 955 1746 Ilium:
977 1679 1119 1765 Ajacem
1141 1702 1222 1748 vero
1248 1683 1387 1748 Diome·

297 1782 376 1846 dem
397 1790 431 1847 et
446 1782 620 1865 Ulyssem,
641 1783 700 1866 qni
720 1788 817 1844 extra
839 1781 951 1844 lucum
972 1783 1196 1864 expectabant
1208 1783 1390 1863 Achillem,

296 1902 371 1947 cnm
401 1883 582 1963 coacturi,
605 1903 681 1947 cum
703 1882 783 1946 illos
812 1881 1020 1963 aufugientes
1041 1903 1086 1947 ex
1111 1884 1189 1949 luco
1212 1886 1388 1964 vidissent,

297 1984 492 2060 accurrisse,
522 1988 558 2047 et
577 1983 749 2046 invenisse
776 1982 852 2046 istic
878 1982 1045 2048 Achillem
1066 1985 1214 2050 letaliter
1238 1988 1390 2053 vnlnera-

296 2089 386 2147 tum:
408 2081 539 2147 dixisse
563 2092 641 2147 tunc
666 2083 817 2166 Ajacem,
839 2082 942 2147 ‘Fuit
962 2085 1191 2152 confirmatum
1213 2107 1255 2152 ac
1276 2109 1390 2154 verum
1467 2164 1471 2175 1

296 2202 356 2264 per
376 2185 546 2262 mortales,
568 2184 693 2249 nullum
717 2184 889 2248 hominnm
911 2185 1066 2265 existere,
1081 2188 1138 2271 qni
1163 2198 1195 2253 te
1220 2208 1301 2253 vera
1322 2192 1391 2253 vir·

297 2290 370 2348 tute
385 2292 568 2369 superaret,
583 2284 646 2349 sed
667 2286 716 2349 nti
739 2286 849 2368 palam
866 2291 929 2362 est,
953 2292 1014 2348 tua
1034 2293 1067 2350 te
1083 2289 1271 2353 inconsulta
1283 2293 1390 2354 teme·

297 2384 378 2447 ritas
400 2383 570 2467 prodidit!
611 2383 691 2459 Vel,
716 2386 746 2447 si
770 2384 937 2448 malumus
962 2385 1036 2450 haec
1063 2386 1184 2453 Graece
1207 2390 1314 2468 legere
1346 2410 1391 2455 ex

298 2482 436 2561 Mulela,
451 2485 512 2546 Ἠν
533 2484 591 2568 ἄρα
614 2482 732 2559 άληθῶς,
748 2479 825 2557 ὅστις
849 2483 995 2571 ἀνθρώπων
1009 2489 1174 2565 (dicuntur
1195 2491 1270 2555 haec
1292 2495 1390 2575 qnasi

298 2602 360 2666 per
373 2584 676 2664 interrogationem,
692 2582 792 2647 ‘Fuit
805 2575 882 2666 ergo
898 2606 973 2651 vere
983 2589 1105 2672 aliquis
1117 2590 1299 2671 hominnm,
1309 2593 1391 2675 qni,'

299 2684 358 2748 dvc.
370 2684 400 2761 l)
421 2679 534 2759 ἠδύνατο
556 2680 662 2746 κτεῖναί
676 2707 710 2745 σε
723 2687 801 2768 ἀλκῇ
816 2684 979 2775 {rapiemur
993 2688 1121 2768 πάντων;
1143 2689 1228 2752 Ἀλλ’
1241 2697 1256 2768 ἡ
1272 2695 1308 2770 σὴ
1323 2716 1392 2777 προ-

299 2780 397 2846 vlma
417 2780 551 2846 ἀπόλαυ(
571 2803 623 2867 cr:
668 2784 909 2868 Respondente
931 2789 1078 2867 Achille,
1106 2793 1205 2856 ‘dolo
1219 2812 1272 2856 me
1287 2799 1391 2877 atque
1411 2856 1414 2861 .

211 2892 215 2903 '
300 2882 433 2949 insidiis
448 2882 651 2966 Deiphobus
676 2888 777 2966 atque
793 2884 982 2952 Alexander
1000 2889 1185 2975 Polyxenus
1200 2895 1306 2974 gratia
1327 2896 1392 2959 cir·

300 2983 517 3048 eumenem?
533 2979 618 3067 Δὸλφ
629 2983 798 3069 clpyc‘tcarrd
807 3012 844 3067 με
853 2988 944 3074 Πάρις
955 2991 1003 3053 καὶ
1014 2991 1157 3072 Δηΐφοβος
1168 2995 1213 3057 διὰ
1224 2994 1392 3074 Πολυξίην.

303 3082 390 3162 Quae
420 3081 558 3147 Maleto
579 3086 682 3150 verba
705 3094 826 3153 temere
849 3091 1000 3157 solicitat
1021 3094 1096 3177 ejus
1117 3096 1236 3175 editor,
1258 3097 1392 3181 legens:
1483 3074 1488 3091 ⁸

302 3183 393 3246 Δόλον
411 3180 582 3268 ιΙργάσαντό
598 3208 645 3263 με.
689 3185 779 3252 Nam
800 3190 1028 3274 cadempleno
1046 3196 1146 3261 hahet
1160 3199 1345 3277 Cedrenns,
1359 3207 1394 3265 et

301 3285 407 3367 magis
423 3285 621 3350 conveniunt
636 3305 713 3350 cum
727 3296 843 3354 nostro
858 3291 1035 3374 Septimio.
1080 3297 1267 3363 Posnerunt
1282 3306 1393 3365 antem

300 3385 365 3462 illi,
380 3391 417 3450 ul
429 3386 546 3468 liquot,
562 3385 730 3471 ἠργάσαντο
752 3408 814 3470 pro
830 3389 1039 3476 διιεργᾶσαντο,
1054 3381 1118 3461 hoc
1132 3406 1197 3475 est,
1214 3401 1395 3465 ‘confece-

271 3532 278 3567 :
302 3492 389 3559 runt,
412 3486 674 3552 interfecerunt?
716 3488 805 3554 Haec
830 3511 908 3574 ergo
930 3497 1043 3559 omnia
1056 3505 1152 3561 tanto
1168 3518 1345 3572 consensu,
1360 3508 1395 3565 et

301 3603 409 3653 rernm
421 3603 443 3647 a
452 3589 620 3649 communi
631 3592 795 3655 sententia
816 3611 911 3676 sape
924 3595 1181 3677 abhorrentium,
1195 3607 1228 3666 et
1242 3601 1395 3685 aliquan-

303 3685 348 3748 do
363 3684 465 3748 etiarn
484 3686 630 3766 ipserum
644 3687 863 3772 locutionum,
876 3697 994 3761 eodem
1008 3718 1141 3781 prorsus
1152 3701 1279 3779 ordine,
1296 3723 1395 3788 repe-

303 3787 370 3851 ries
390 3784 482 3866 apnd
499 3783 747 3865 Nostrumne
768 3799 804 3856 et
825 3809 875 3859 ιν.
897 3799 954 3881 qui
979 3806 1088 3864 tamen
1109 3808 1145 3866 et
1167 3803 1235 3867 alia
1257 3805 1396 3869 minoris

301 3886 407 3970 paulo
428 3886 595 3964 momenti,
611 3907 653 3952 ac
675 3890 783 3954 minus
809 3893 992 3976 Historica,
1015 3902 1154 3964 subinde
1173 3905 1338 3986 aspergit,
1363 3913 1398 3970 et

302 3986 376 4051 hoec
390 3987 466 4068 ipsa
479 3985 675 4071 plerumque
689 3991 838 4074 pluribus
858 3997 1032 4082 aliquanto
1048 4003 1158 4066 verbis
1181 4007 1395 4087 exsequitur:

303 4092 340 4151 et
354 4085 444 4167 apud
458 4086 620 4152 Mulelam
635 4093 670 4155 in
685 4092 807 4159 Teucri
820 4096 1011 4164 Telamonii
1023 4105 1214 4167 narratione
1228 4124 1338 4169 rerum
1351 4109 1398 4171 ab

301 4185 437 4253 Achille
459 4188 676 4272 potissimum
702 4203 869 4276 gestarum
895 4200 938 4263 ad
963 4201 1126 4286 Pyrrhum
1154 4205 1255 4288 hujus
1279 4206 1398 4285 hlium,
