<?xml version="1.0" encoding="UTF-8"?>
<!DOCTYPE html PUBLIC "-//W3C//DTD XHTML 1.0 Transitional//EN"
    "http://www.w3.org/TR/xhtml1/DTD/xhtml1-transitional.dtd">
<html xmlns="http://www.w3.org/1999/xhtml" xml:lang="en" lang="en">
 <head>
  <title>
</title>
<meta http-equiv="Content-Type" content="text/html;charset=utf-8" />
  <meta name='ocr-system' content='tesseract 3.04.00' />
  <meta name='ocr-capabilities' content='ocr_page ocr_carea ocr_par ocr_line ocrx_word'/>
</head>
<body>
  <div class='ocr_page' id='page_1' title='image "./debellotrojano00josegoog/debellotrojano00josegoog_0356.png"; bbox 0 0 3006 4906; ppageno 0'>
   <div class='ocr_carea' id='block_1_1' title="bbox 411 427 1204 496">
    <p class='ocr_par' dir='ltr' id='par_1_1' title="bbox 411 427 1204 496">
     <span class='ocr_line' id='line_1_1' title="bbox 411 427 1204 496; baseline 0.023 -18"><span class='ocrx_word' id='word_1_1' title='bbox 411 431 459 480; x_wconf 87' lang='lat' dir='ltr'>os</span> <span class='ocrx_word' id='word_1_2' title='bbox 483 430 611 481; x_wconf 76' lang='lat' dir='ltr'>exero.</span> <span class='ocrx_word' id='word_1_3' title='bbox 633 432 761 486; x_wconf 72' lang='lat' dir='ltr'>ruore</span> <span class='ocrx_word' id='word_1_4' title='bbox 784 434 933 488; x_wconf 79' lang='lat' dir='ltr'>ursros.</span> <span class='ocrx_word' id='word_1_5' title='bbox 1145 427 1204 496; x_wconf 75' lang='lat'>821</span> 
     </span>
    </p>
   </div>
   <div class='ocr_carea' id='block_1_2' title="bbox 115 573 1208 770">
    <p class='ocr_par' dir='ltr' id='par_1_2' title="bbox 115 573 1208 770">
     <span class='ocr_line' id='line_1_2' title="bbox 115 573 1208 665; baseline 0.013 -27"><span class='ocrx_word' id='word_1_6' title='bbox 115 576 209 639; x_wconf 63' lang='lat' dir='ltr'>diem</span> <span class='ocrx_word' id='word_1_7' title='bbox 225 580 399 657; x_wconf 68' lang='lat' dir='ltr'>pugnetur.</span> <span class='ocrx_word' id='word_1_8' title='bbox 421 573 520 657; x_wconf 84' lang='lat' dir='ltr'>Multi</span> <span class='ocrx_word' id='word_1_9' title='bbox 535 574 639 642; x_wconf 89' lang='lat' dir='ltr'>duces</span> <span class='ocrx_word' id='word_1_10' title='bbox 651 578 829 644; x_wconf 77' lang='lat' dir='ltr'>tortissimi</span> <span class='ocrx_word' id='word_1_11' title='bbox 843 580 921 646; x_wconf 86' lang='lat' dir='ltr'>hinc</span> <span class='ocrx_word' id='word_1_12' title='bbox 935 588 969 646; x_wconf 89' lang='lat' dir='ltr'>et</span> <span class='ocrx_word' id='word_1_13' title='bbox 982 580 1060 649; x_wconf 88' lang='lat' dir='ltr'>indo</span> <span class='ocrx_word' id='word_1_14' title='bbox 1075 584 1208 665; x_wconf 82' lang='lat' dir='ltr'>cedunt,</span> 
     </span>
     <span class='ocr_line' id='line_1_3' title="bbox 117 675 1208 770; baseline 0.01 -31"><span class='ocrx_word' id='word_1_15' title='bbox 117 676 253 760; x_wconf 80' lang='lat' dir='ltr'>plurimi</span> <span class='ocrx_word' id='word_1_16' title='bbox 266 676 491 751; x_wconf 76' lang='lat' dir='ltr'><strong>vulnerantur,</strong></span> <span class='ocrx_word' id='word_1_17' title='bbox 505 675 639 759; x_wconf 82' lang='lat' dir='ltr'>plurimi</span> <span class='ocrx_word' id='word_1_18' title='bbox 654 680 687 742; x_wconf 90' lang='lat' dir='ltr'>iu</span> <span class='ocrx_word' id='word_1_19' title='bbox 702 680 872 745; x_wconf 80' lang='lat' dir='ltr'>curatione</span> <span class='ocrx_word' id='word_1_20' title='bbox 883 681 1075 749; x_wconf 84' lang='lat' dir='ltr'>moriuntur.</span> <span class='ocrx_word' id='word_1_21' title='bbox 1119 684 1208 770; x_wconf 79' lang='lat' dir='ltr'>Agu-</span> 
     </span>
    </p>
   </div>
   <div class='ocr_carea' id='block_1_3' title="bbox 93 777 1251 2870">
    <p class='ocr_par' dir='ltr' id='par_1_3' title="bbox 93 777 1251 2870">
     <span class='ocr_line' id='line_1_4' title="bbox 119 777 1210 869; baseline 0.013 -30"><span class='ocrx_word' id='word_1_22' title='bbox 119 796 275 841; x_wconf 88' lang='lat' dir='ltr'>memnon</span> <span class='ocrx_word' id='word_1_23' title='bbox 295 777 399 842; x_wconf 89' lang='lat' dir='ltr'>mittit</span> <span class='ocrx_word' id='word_1_24' title='bbox 420 777 463 842; x_wconf 85' lang='lat' dir='ltr'>ud</span> <span class='ocrx_word' id='word_1_25' title='bbox 488 777 658 845; x_wconf 74' lang='lat' dir='ltr'>Priamum</span> <span class='ocrx_word' id='word_1_26' title='bbox 678 780 820 863; x_wconf 73' lang='lat' dir='ltr'>legatos,</span> <span class='ocrx_word' id='word_1_27' title='bbox 844 787 883 845; x_wconf 94' lang='lat' dir='ltr'>nt</span> <span class='ocrx_word' id='word_1_28' title='bbox 904 781 1054 848; x_wconf 76' lang='lat' dir='ltr'>inducias</span> <span class='ocrx_word' id='word_1_29' title='bbox 1076 787 1210 869; x_wconf 75' lang='lat' dir='ltr'>triginta</span> 
     </span>
     <span class='ocr_line' id='line_1_5' title="bbox 119 876 1208 965; baseline 0.011 -24"><span class='ocrx_word' id='word_1_30' title='bbox 119 876 247 941; x_wconf 88' lang='lat' dir='ltr'>dierum</span> <span class='ocrx_word' id='word_1_31' title='bbox 266 878 449 963; x_wconf 75' lang='lat' dir='ltr'>postulent,</span> <span class='ocrx_word' id='word_1_32' title='bbox 471 884 509 943; x_wconf 92' lang='lat' dir='ltr'>ut</span> <span class='ocrx_word' id='word_1_33' title='bbox 533 879 683 945; x_wconf 85' lang='lat' dir='ltr'>inuerere</span> <span class='ocrx_word' id='word_1_34' title='bbox 708 888 859 947; x_wconf 89' lang='lat' dir='ltr'>mortuos</span> <span class='ocrx_word' id='word_1_35' title='bbox 887 884 1012 965; x_wconf 88' lang='lat' dir='ltr'>possit.</span> <span class='ocrx_word' id='word_1_36' title='bbox 1057 886 1208 952; x_wconf 75' lang='lat' dir='ltr'>Priamus</span> 
     </span>
     <span class='ocr_line' id='line_1_6' title="bbox 120 977 1208 1070; baseline 0.01 -29"><span class='ocrx_word' id='word_1_37' title='bbox 120 978 273 1042; x_wconf 85' lang='lat' dir='ltr'>consulto</span> <span class='ocrx_word' id='word_1_38' title='bbox 286 977 382 1056; x_wconf 81' lang='lat' dir='ltr'>lucit,</span> <span class='ocrx_word' id='word_1_39' title='bbox 405 981 594 1063; x_wconf 84' lang='lat' dir='ltr'>sonuitque.</span> <span class='ocrx_word' id='word_1_40' title='bbox 639 981 723 1064; x_wconf 63' lang='grc' dir='ltr'>[Ἃ]</span> <span class='ocrx_word' id='word_1_41' title='bbox 744 981 791 1048; x_wconf 82' lang='lat' dir='ltr'>At</span> <span class='ocrx_word' id='word_1_42' title='bbox 805 983 862 1047; x_wconf 90' lang='lat' dir='ltr'>nbi</span> <span class='ocrx_word' id='word_1_43' title='bbox 875 991 1006 1067; x_wconf 89' lang='lat' dir='ltr'>tempus</span> <span class='ocrx_word' id='word_1_44' title='bbox 1020 1005 1139 1070; x_wconf 76' lang='lat' dir='ltr'>pugnae</span> <span class='ocrx_word' id='word_1_45' title='bbox 1153 1008 1208 1052; x_wconf 84' lang='lat' dir='ltr'>su-</span> 
     </span>
     <span class='ocr_line' id='line_1_7' title="bbox 120 1072 1209 1166; baseline 0.011 -26"><span class='ocrx_word' id='word_1_46' title='bbox 120 1072 292 1161; x_wconf 82' lang='lat' dir='ltr'>pervenit3</span> <span class='ocrx_word' id='word_1_47' title='bbox 313 1079 553 1146; x_wconf 72' lang='lat' dir='ltr'>Andromache</span> <span class='ocrx_word' id='word_1_48' title='bbox 567 1101 656 1146; x_wconf 86' lang='lat' dir='ltr'>uxor</span> <span class='ocrx_word' id='word_1_49' title='bbox 670 1083 832 1149; x_wconf 78' lang='lat' dir='ltr'>Hectoris</span> <span class='ocrx_word' id='word_1_50' title='bbox 847 1085 880 1148; x_wconf 89' lang='lat' dir='ltr'>in</span> <span class='ocrx_word' id='word_1_51' title='bbox 903 1087 1028 1150; x_wconf 82' lang='lat' dir='ltr'>somnis</span> <span class='ocrx_word' id='word_1_52' title='bbox 1048 1087 1153 1166; x_wconf 84' lang='lat' dir='ltr'>vidit,</span> <span class='ocrx_word' id='word_1_53' title='bbox 1167 1108 1209 1154; x_wconf 87' lang='lat' dir='ltr'>ue</span> 
     </span>
     <span class='ocr_line' id='line_1_8' title="bbox 119 1179 1210 1265; baseline 0.009 -22"><span class='ocrx_word' id='word_1_54' title='bbox 119 1179 254 1245; x_wconf 79' lang='lat' dir='ltr'>Hector·</span> <span class='ocrx_word' id='word_1_55' title='bbox 264 1179 299 1246; x_wconf 89' lang='lat' dir='ltr'>in</span> <span class='ocrx_word' id='word_1_56' title='bbox 312 1200 461 1265; x_wconf 77' lang='lat' dir='ltr'>pugnum</span> <span class='ocrx_word' id='word_1_57' title='bbox 475 1183 694 1265; x_wconf 86' lang='lat' dir='ltr'>procederet:</span> <span class='ocrx_word' id='word_1_58' title='bbox 716 1191 752 1249; x_wconf 92' lang='lat' dir='ltr'>et</span> <span class='ocrx_word' id='word_1_59' title='bbox 774 1204 851 1249; x_wconf 93' lang='lat' dir='ltr'>cnm</span> <span class='ocrx_word' id='word_1_60' title='bbox 872 1185 916 1251; x_wconf 84' lang='lat' dir='ltr'>ed</span> <span class='ocrx_word' id='word_1_61' title='bbox 937 1206 1011 1251; x_wconf 90' lang='lat' dir='ltr'>eum</span> <span class='ocrx_word' id='word_1_62' title='bbox 1030 1187 1144 1252; x_wconf 81' lang='lat' dir='ltr'>visum</span> <span class='ocrx_word' id='word_1_63' title='bbox 1158 1208 1210 1254; x_wconf 87' lang='lat' dir='ltr'>re·</span> 
     </span>
     <span class='ocr_line' id='line_1_9' title="bbox 116 1281 1209 1360; baseline 0.01 -16"><span class='ocrx_word' id='word_1_64' title='bbox 116 1281 229 1360; x_wconf 76' lang='lat' dir='ltr'>ferret,</span> <span class='ocrx_word' id='word_1_65' title='bbox 243 1281 374 1345; x_wconf 79' lang='lat' dir='ltr'><strong>Hector</strong></span> <span class='ocrx_word' id='word_1_66' title='bbox 395 1281 568 1347; x_wconf 77' lang='lat' dir='ltr'>muliebrio</span> <span class='ocrx_word' id='word_1_67' title='bbox 582 1284 686 1348; x_wconf 81' lang='lat' dir='ltr'>verba</span> <span class='ocrx_word' id='word_1_68' title='bbox 700 1285 833 1351; x_wconf 73' lang='lat' dir='ltr'>obicit·</span> <span class='ocrx_word' id='word_1_69' title='bbox 875 1284 1115 1354; x_wconf 77' lang='lat' dir='ltr'>Andromacho</span> <span class='ocrx_word' id='word_1_70' title='bbox 1126 1309 1209 1356; x_wconf 85' lang='lat' dir='ltr'>mm·</span> 
     </span>
     <span class='ocr_line' id='line_1_10' title="bbox 120 1380 1209 1473; baseline 0.012 -28"><span class='ocrx_word' id='word_1_71' title='bbox 120 1389 178 1445; x_wconf 84' lang='lat' dir='ltr'>ste</span> <span class='ocrx_word' id='word_1_72' title='bbox 192 1382 237 1447; x_wconf 86' lang='lat' dir='ltr'>od</span> <span class='ocrx_word' id='word_1_73' title='bbox 256 1380 424 1446; x_wconf 78' lang='lat' dir='ltr'>Priamum</span> <span class='ocrx_word' id='word_1_74' title='bbox 439 1381 541 1459; x_wconf 82' lang='lat' dir='ltr'>misit,</span> <span class='ocrx_word' id='word_1_75' title='bbox 556 1389 594 1445; x_wconf 89' lang='lat' dir='ltr'>ut</span> <span class='ocrx_word' id='word_1_76' title='bbox 607 1383 658 1446; x_wconf 91' lang='lat' dir='ltr'>illi</span> <span class='ocrx_word' id='word_1_77' title='bbox 670 1386 842 1467; x_wconf 83' lang='lat' dir='ltr'>prohibent</span> <span class='ocrx_word' id='word_1_78' title='bbox 854 1405 898 1450; x_wconf 92' lang='lat' dir='ltr'>ne</span> <span class='ocrx_word' id='word_1_79' title='bbox 911 1406 955 1452; x_wconf 79' lang='lat' dir='ltr'>ee</span> <span class='ocrx_word' id='word_1_80' title='bbox 968 1388 1209 1473; x_wconf 77' lang='lat' dir='ltr'>diepugnaret.</span> 
     </span>
     <span class='ocr_line' id='line_1_11' title="bbox 120 1482 1210 1569; baseline 0.009 -22"><span class='ocrx_word' id='word_1_81' title='bbox 120 1482 277 1547; x_wconf 81' lang='lat' dir='ltr'>Priamus</span> <span class='ocrx_word' id='word_1_82' title='bbox 286 1483 460 1560; x_wconf 88' lang='lat' dir='ltr'>Helenum,</span> <span class='ocrx_word' id='word_1_83' title='bbox 471 1482 881 1566; x_wconf 62' lang='lat' dir='ltr'>Alexandrumsl&#39;rollum,</span> <span class='ocrx_word' id='word_1_84' title='bbox 890 1488 1089 1569; x_wconf 84' lang='lat' dir='ltr'>AEnenm,et</span> <span class='ocrx_word' id='word_1_85' title='bbox 1100 1491 1210 1557; x_wconf 83' lang='lat' dir='ltr'>Mem-</span> 
     </span>
     <span class='ocr_line' id='line_1_12' title="bbox 116 1583 1210 1677; baseline 0.009 -29"><span class='ocrx_word' id='word_1_86' title='bbox 116 1603 235 1648; x_wconf 80' lang='lat' dir='ltr'>nonem</span> <span class='ocrx_word' id='word_1_87' title='bbox 254 1583 353 1667; x_wconf 85' lang='lat' dir='ltr'>jubet</span> <span class='ocrx_word' id='word_1_88' title='bbox 373 1585 513 1663; x_wconf 79' lang='lat' dir='ltr'>necersi,</span> <span class='ocrx_word' id='word_1_89' title='bbox 536 1592 576 1649; x_wconf 91' lang='lat' dir='ltr'>ut</span> <span class='ocrx_word' id='word_1_90' title='bbox 588 1585 639 1650; x_wconf 89' lang='lat' dir='ltr'>illi</span> <span class='ocrx_word' id='word_1_91' title='bbox 658 1588 693 1651; x_wconf 87' lang='lat' dir='ltr'>io</span> <span class='ocrx_word' id='word_1_92' title='bbox 706 1608 851 1672; x_wconf 72' lang='lat' dir='ltr'>pugnem</span> <span class='ocrx_word' id='word_1_93' title='bbox 866 1590 1056 1672; x_wconf 81' lang='lat' dir='ltr'>prodirent:</span> <span class='ocrx_word' id='word_1_94' title='bbox 1079 1593 1112 1657; x_wconf 92' lang='lat' dir='ltr'>in</span> <span class='ocrx_word' id='word_1_95' title='bbox 1127 1614 1210 1677; x_wconf 79' lang='lat' dir='ltr'>pug-</span> 
     </span>
     <span class='ocr_line' id='line_1_13' title="bbox 117 1685 1211 1777; baseline 0.01 -30"><span class='ocrx_word' id='word_1_96' title='bbox 117 1704 194 1749; x_wconf 82' lang='lat' dir='ltr'>nem</span> <span class='ocrx_word' id='word_1_97' title='bbox 224 1686 329 1749; x_wconf 85' lang='lat' dir='ltr'>misit.</span> <span class='ocrx_word' id='word_1_98' title='bbox 373 1685 504 1751; x_wconf 89' lang='lat' dir='ltr'>Hector</span> <span class='ocrx_word' id='word_1_99' title='bbox 527 1692 563 1751; x_wconf 89' lang='lat' dir='ltr'>nt</span> <span class='ocrx_word' id='word_1_100' title='bbox 585 1686 651 1750; x_wconf 84' lang='lat' dir='ltr'>ists</span> <span class='ocrx_word' id='word_1_101' title='bbox 681 1689 848 1771; x_wconf 75' lang='lat' dir='ltr'>cognorit,</span> <span class='ocrx_word' id='word_1_102' title='bbox 873 1690 1011 1755; x_wconf 91' lang='lat' dir='ltr'>multum</span> <span class='ocrx_word' id='word_1_103' title='bbox 1035 1692 1211 1777; x_wconf 83' lang='lat' dir='ltr'>increpem</span> 
     </span>
     <span class='ocr_line' id='line_1_14' title="bbox 117 1786 1210 1872; baseline 0.008 -23"><span class='ocrx_word' id='word_1_104' title='bbox 117 1786 403 1863; x_wconf 79' lang='lat' dir='ltr'>Andromachum,</span> <span class='ocrx_word' id='word_1_105' title='bbox 417 1805 510 1851; x_wconf 81' lang='lat' dir='ltr'>orme</span> <span class='ocrx_word' id='word_1_106' title='bbox 525 1793 561 1852; x_wconf 92' lang='lat' dir='ltr'>nt</span> <span class='ocrx_word' id='word_1_107' title='bbox 575 1787 735 1869; x_wconf 80' lang='lat' dir='ltr'>proterret</span> <span class='ocrx_word' id='word_1_108' title='bbox 745 1789 913 1872; x_wconf 85' lang='lat' dir='ltr'>poposcit,</span> <span class='ocrx_word' id='word_1_109' title='bbox 924 1809 986 1854; x_wconf 88' lang='lat' dir='ltr'>nec</span> <span class='ocrx_word' id='word_1_110' title='bbox 994 1792 1129 1856; x_wconf 87' lang='lat' dir='ltr'>retineri</span> <span class='ocrx_word' id='word_1_111' title='bbox 1141 1794 1210 1858; x_wconf 88' lang='lat' dir='ltr'>ullo</span> 
     </span>
     <span class='ocr_line' id='line_1_15' title="bbox 117 1885 1212 1971; baseline 0.004 -20"><span class='ocrx_word' id='word_1_112' title='bbox 117 1887 225 1951; x_wconf 92' lang='lat' dir='ltr'>modo</span> <span class='ocrx_word' id='word_1_113' title='bbox 239 1887 364 1968; x_wconf 86' lang='lat' dir='ltr'>potnit.</span> <span class='ocrx_word' id='word_1_114' title='bbox 404 1885 530 1952; x_wconf 75' lang='lat' dir='ltr'>Moestu</span> <span class='ocrx_word' id='word_1_115' title='bbox 545 1885 781 1952; x_wconf 80' lang='lat' dir='ltr'>Andromache</span> <span class='ocrx_word' id='word_1_116' title='bbox 795 1889 984 1953; x_wconf 87' lang='lat' dir='ltr'>summissis</span> <span class='ocrx_word' id='word_1_117' title='bbox 998 1889 1133 1971; x_wconf 86' lang='lat' dir='ltr'>cupillis</span> <span class='ocrx_word' id='word_1_118' title='bbox 1144 1890 1212 1955; x_wconf 74' lang='lat' dir='ltr'>As·</span> 
     </span>
     <span class='ocr_line' id='line_1_16' title="bbox 119 1984 1211 2071; baseline 0.004 -21"><span class='ocrx_word' id='word_1_119' title='bbox 119 1992 309 2070; x_wconf 75' lang='lat' dir='ltr'>tynuuetem</span> <span class='ocrx_word' id='word_1_120' title='bbox 335 1988 437 2052; x_wconf 86' lang='lat' dir='ltr'>filium</span> <span class='ocrx_word' id='word_1_121' title='bbox 462 1984 687 2071; x_wconf 72' lang='lat' dir='ltr'>protendens‘¹</span> <span class='ocrx_word' id='word_1_122' title='bbox 714 1993 791 2052; x_wconf 81' lang='lat' dir='ltr'>unte</span> <span class='ocrx_word' id='word_1_123' title='bbox 819 1987 921 2071; x_wconf 89' lang='lat' dir='ltr'>pedes</span> <span class='ocrx_word' id='word_1_124' title='bbox 951 1988 1110 2054; x_wconf 74' lang='lat' dir='ltr'>Hectoris</span> <span class='ocrx_word' id='word_1_125' title='bbox 1136 1992 1211 2054; x_wconf 84' lang='lat' dir='ltr'>oum</span> 
     </span>
     <span class='ocr_line' id='line_1_17' title="bbox 117 2087 1251 2173; baseline 0.002 -20"><span class='ocrx_word' id='word_1_126' title='bbox 117 2106 282 2153; x_wconf 80' lang='lat' dir='ltr'>revocure</span> <span class='ocrx_word' id='word_1_127' title='bbox 297 2090 492 2172; x_wconf 84' lang='lat' dir='ltr'>nonpotuit.</span> <span class='ocrx_word' id='word_1_128' title='bbox 535 2088 633 2152; x_wconf 87' lang='lat' dir='ltr'>Tunc</span> <span class='ocrx_word' id='word_1_129' title='bbox 648 2087 942 2172; x_wconf 86' lang='lat' dir='ltr'>pluoctufemineo</span> <span class='ocrx_word' id='word_1_130' title='bbox 956 2087 1118 2173; x_wconf 90' lang='lat' dir='ltr'>oppidum</span> <span class='ocrx_word' id='word_1_131' title='bbox 1132 2108 1211 2155; x_wconf 92' lang='lat' dir='ltr'>oon·</span> <span class='ocrx_word' id='word_1_132' title='bbox 1248 2118 1251 2125; x_wconf 90' lang='lat'>·</span> 
     </span>
     <span class='ocr_line' id='line_1_18' title="bbox 93 2189 1211 2272; baseline 0.002 -19"><span class='ocrx_word' id='word_1_133' title='bbox 93 2189 217 2268; x_wconf 63' lang='lat' dir='ltr'>,citet</span> <span class='ocrx_word' id='word_1_134' title='bbox 240 2189 283 2253; x_wconf 87' lang='lat' dir='ltr'>nd</span> <span class='ocrx_word' id='word_1_135' title='bbox 305 2189 475 2254; x_wconf 83' lang='lat' dir='ltr'>Priamum</span> <span class='ocrx_word' id='word_1_136' title='bbox 496 2189 532 2253; x_wconf 92' lang='lat' dir='ltr'>in</span> <span class='ocrx_word' id='word_1_137' title='bbox 551 2190 675 2272; x_wconf 74' lang='lat' dir='ltr'>regium</span> <span class='ocrx_word' id='word_1_138' title='bbox 689 2189 803 2267; x_wconf 90' lang='lat' dir='ltr'>currit,</span> <span class='ocrx_word' id='word_1_139' title='bbox 824 2189 922 2253; x_wconf 82' lang='lat' dir='ltr'>refert</span> <span class='ocrx_word' id='word_1_140' title='bbox 935 2189 1018 2270; x_wconf 89' lang='lat' dir='ltr'>quid</span> <span class='ocrx_word' id='word_1_141' title='bbox 1032 2190 1067 2254; x_wconf 90' lang='lat' dir='ltr'>io</span> <span class='ocrx_word' id='word_1_142' title='bbox 1084 2192 1211 2255; x_wconf 88' lang='lat' dir='ltr'>somnis</span> 
     </span>
     <span class='ocr_line' id='line_1_19' title="bbox 113 2288 1212 2373; baseline 0.002 -20"><span class='ocrx_word' id='word_1_143' title='bbox 113 2289 261 2367; x_wconf 69' lang='lat' dir='ltr'>viderit,</span> <span class='ocrx_word' id='word_1_144' title='bbox 276 2294 311 2354; x_wconf 90' lang='lat' dir='ltr'>et</span> <span class='ocrx_word' id='word_1_145' title='bbox 337 2290 519 2356; x_wconf 87' lang='lat' dir='ltr'>Hectorem</span> <span class='ocrx_word' id='word_1_146' title='bbox 542 2288 630 2354; x_wconf 81' lang='lat' dir='ltr'>velle</span> <span class='ocrx_word' id='word_1_147' title='bbox 652 2291 686 2353; x_wconf 91' lang='lat' dir='ltr'>in</span> <span class='ocrx_word' id='word_1_148' title='bbox 708 2308 850 2372; x_wconf 75' lang='lat' dir='ltr'>pugnum</span> <span class='ocrx_word' id='word_1_149' title='bbox 874 2289 1017 2371; x_wconf 79' lang='lat' dir='ltr'>prodire,</span> <span class='ocrx_word' id='word_1_150' title='bbox 1034 2308 1097 2355; x_wconf 87' lang='lat' dir='ltr'>uec</span> <span class='ocrx_word' id='word_1_151' title='bbox 1110 2308 1212 2373; x_wconf 87' lang='lat' dir='ltr'>posse</span> 
     </span>
     <span class='ocr_line' id='line_1_20' title="bbox 115 2381 1210 2473; baseline 0.001 -21"><span class='ocrx_word' id='word_1_152' title='bbox 115 2390 271 2473; x_wconf 88' lang='lat' dir='ltr'>projecto</span> <span class='ocrx_word' id='word_1_153' title='bbox 296 2389 340 2455; x_wconf 86' lang='lat' dir='ltr'>ed</span> <span class='ocrx_word' id='word_1_154' title='bbox 363 2408 474 2473; x_wconf 58' lang='lat' dir='ltr'>mnne</span> <span class='ocrx_word' id='word_1_155' title='bbox 496 2389 567 2455; x_wconf 76' lang='lat' dir='ltr'>fillo</span> <span class='ocrx_word' id='word_1_156' title='bbox 593 2408 655 2453; x_wconf 88' lang='lat' dir='ltr'>suo</span> <span class='ocrx_word' id='word_1_157' title='bbox 676 2389 835 2453; x_wconf 79' lang='lat' dir='ltr'>revocari.</span> <span class='ocrx_word' id='word_1_158' title='bbox 879 2381 1035 2453; x_wconf 71' lang='lat' dir='ltr'>Priamus</span> <span class='ocrx_word' id='word_1_159' title='bbox 1048 2390 1210 2453; x_wconf 91' lang='lat' dir='ltr'>omnesin</span> 
     </span>
     <span class='ocr_line' id='line_1_21' title="bbox 116 2487 1212 2573; baseline 0.003 -21"><span class='ocrx_word' id='word_1_160' title='bbox 116 2506 267 2573; x_wconf 78' lang='lat' dir='ltr'>pugnem</span> <span class='ocrx_word' id='word_1_161' title='bbox 281 2489 413 2572; x_wconf 89' lang='lat' dir='ltr'>prodire</span> <span class='ocrx_word' id='word_1_162' title='bbox 421 2491 534 2572; x_wconf 86' lang='lat' dir='ltr'>jussit,</span> <span class='ocrx_word' id='word_1_163' title='bbox 549 2495 583 2554; x_wconf 90' lang='lat' dir='ltr'>et</span> <span class='ocrx_word' id='word_1_164' title='bbox 595 2489 774 2554; x_wconf 86' lang='lat' dir='ltr'>Hectorem</span> <span class='ocrx_word' id='word_1_165' title='bbox 784 2488 928 2555; x_wconf 89' lang='lat' dir='ltr'>retinuit.</span> <span class='ocrx_word' id='word_1_166' title='bbox 971 2487 1212 2572; x_wconf 73' lang='lat' dir='ltr'>Agamemnon,</span> 
     </span>
     <span class='ocr_line' id='line_1_22' title="bbox 119 2587 1211 2673; baseline -0.001 -18"><span class='ocrx_word' id='word_1_167' title='bbox 119 2590 317 2670; x_wconf 87' lang='lat' dir='ltr'>Diomedes,</span> <span class='ocrx_word' id='word_1_168' title='bbox 332 2591 493 2668; x_wconf 78' lang='lat' dir='ltr'>Achilles,</span> <span class='ocrx_word' id='word_1_169' title='bbox 508 2587 600 2673; x_wconf 79' lang='lat' dir='ltr'>Ajox</span> <span class='ocrx_word' id='word_1_170' title='bbox 611 2589 756 2663; x_wconf 89' lang='lat' dir='ltr'>Locrus,</span> <span class='ocrx_word' id='word_1_171' title='bbox 770 2594 806 2653; x_wconf 93' lang='lat' dir='ltr'>nt</span> <span class='ocrx_word' id='word_1_172' title='bbox 820 2589 931 2653; x_wconf 84' lang='lat' dir='ltr'>videre</span> <span class='ocrx_word' id='word_1_173' title='bbox 947 2589 1131 2655; x_wconf 88' lang='lat' dir='ltr'>Hectorem</span> <span class='ocrx_word' id='word_1_174' title='bbox 1144 2608 1211 2655; x_wconf 88' lang='lat' dir='ltr'>non</span> 
     </span>
     <span class='ocr_line' id='line_1_23' title="bbox 117 2687 1211 2776; baseline 0 -21"><span class='ocrx_word' id='word_1_175' title='bbox 117 2690 286 2776; x_wconf 88' lang='lat' dir='ltr'>prodisse,</span> <span class='ocrx_word' id='word_1_176' title='bbox 296 2693 417 2756; x_wconf 83' lang='lat' dir='ltr'>acriter</span> <span class='ocrx_word' id='word_1_177' title='bbox 429 2694 665 2774; x_wconf 79' lang='lat' dir='ltr'>pugnaverunt,</span> <span class='ocrx_word' id='word_1_178' title='bbox 674 2689 866 2772; x_wconf 88' lang='lat' dir='ltr'>multosque</span> <span class='ocrx_word' id='word_1_179' title='bbox 877 2690 980 2755; x_wconf 88' lang='lat' dir='ltr'>duces</span> <span class='ocrx_word' id='word_1_180' title='bbox 990 2687 1211 2774; x_wconf 81' lang='lat' dir='ltr'>Trojonorum</span> 
     </span>
     <span class='ocr_line' id='line_1_24' title="bbox 116 2789 1211 2870; baseline -0.001 -14"><span class='ocrx_word' id='word_1_181' title='bbox 116 2792 328 2858; x_wconf 89' lang='lat' dir='ltr'>occiderunt.</span> <span class='ocrx_word' id='word_1_182' title='bbox 371 2793 511 2870; x_wconf 88' lang='lat' dir='ltr'>Hector,</span> <span class='ocrx_word' id='word_1_183' title='bbox 524 2797 563 2856; x_wconf 93' lang='lat' dir='ltr'>ut</span> <span class='ocrx_word' id='word_1_184' title='bbox 579 2791 708 2857; x_wconf 77' lang='lat' dir='ltr'>audivit</span> <span class='ocrx_word' id='word_1_185' title='bbox 722 2790 898 2855; x_wconf 87' lang='lat' dir='ltr'>tumultum</span> <span class='ocrx_word' id='word_1_186' title='bbox 914 2789 948 2854; x_wconf 91' lang='lat' dir='ltr'>in</span> <span class='ocrx_word' id='word_1_187' title='bbox 964 2790 1068 2867; x_wconf 90' lang='lat' dir='ltr'>bello,</span> <span class='ocrx_word' id='word_1_188' title='bbox 1088 2797 1124 2856; x_wconf 89' lang='lat' dir='ltr'>et</span> <span class='ocrx_word' id='word_1_189' title='bbox 1137 2791 1211 2855; x_wconf 89' lang='lat' dir='ltr'>sine</span> 
     </span>
    </p>
   </div>
   <div class='ocr_carea' id='block_1_4' title="bbox 118 2890 1312 2978">
    <p class='ocr_par' dir='ltr' id='par_1_4' title="bbox 118 2890 1312 2978">
     <span class='ocr_line' id='line_1_25' title="bbox 118 2890 1312 2978; baseline -0.005 -19"><span class='ocrx_word' id='word_1_190' title='bbox 118 2911 156 2957; x_wconf 85' lang='lat' dir='ltr'>se</span> <span class='ocrx_word' id='word_1_191' title='bbox 171 2894 342 2977; x_wconf 82' lang='lat' dir='ltr'>Trojenos</span> <span class='ocrx_word' id='word_1_192' title='bbox 355 2896 519 2972; x_wconf 83' lang='lat' dir='ltr'>lebornre,</span> <span class='ocrx_word' id='word_1_193' title='bbox 533 2893 682 2978; x_wconf 86' lang='lat' dir='ltr'>prosiliit</span> <span class='ocrx_word' id='word_1_194' title='bbox 699 2893 734 2955; x_wconf 90' lang='lat' dir='ltr'>in</span> <span class='ocrx_word' id='word_1_195' title='bbox 748 2892 884 2956; x_wconf 87' lang='lat' dir='ltr'>bellum.</span> <span class='ocrx_word' id='word_1_196' title='bbox 927 2891 1116 2973; x_wconf 78' lang='lat' dir='ltr'>Statimque</span> <span class='ocrx_word' id='word_1_197' title='bbox 1131 2890 1211 2955; x_wconf 87' lang='lat' dir='ltr'>Eio·</span> <span class='ocrx_word' id='word_1_198' title='bbox 1305 2936 1312 2943; x_wconf 87' lang='lat'>-</span> 
     </span>
    </p>
   </div>
   <div class='ocr_carea' id='block_1_5' title="bbox 118 2989 1211 3080">
    <p class='ocr_par' dir='ltr' id='par_1_5' title="bbox 118 2989 1211 3080">
     <span class='ocr_line' id='line_1_26' title="bbox 118 2989 1211 3080; baseline -0.007 -18"><span class='ocrx_word' id='word_1_199' title='bbox 118 3013 217 3061; x_wconf 81' lang='lat' dir='ltr'>neum</span> <span class='ocrx_word' id='word_1_200' title='bbox 246 2998 448 3075; x_wconf 73' lang='lat' dir='ltr'>obtruncet:</span> <span class='ocrx_word' id='word_1_201' title='bbox 477 2996 655 3080; x_wconf 88' lang='lat' dir='ltr'>Iphinoum</span> <span class='ocrx_word' id='word_1_202' title='bbox 683 2989 827 3057; x_wconf 77' lang='lat' dir='ltr'>sanciat‘</span> <span class='ocrx_word' id='word_1_203' title='bbox 855 2991 1036 3056; x_wconf 82' lang='lat' dir='ltr'>Leontenm</span> <span class='ocrx_word' id='word_1_204' title='bbox 1061 2990 1211 3068; x_wconf 82' lang='lat' dir='ltr'>occidit,⁸</span> 
     </span>
    </p>
   </div>
   <div class='ocr_carea' id='block_1_6' title="bbox 579 3171 755 3193">
    <p class='ocr_par' dir='ltr' id='par_1_6' title="bbox 579 3171 755 3193">
     <span class='ocr_line' id='line_1_27' title="bbox 579 3171 755 3193; baseline -0.006 -1"><span class='ocrx_word' id='word_1_205' title='bbox 579 3171 755 3193; x_wconf 61' lang='lat' dir='ltr'>mm</span> 
     </span>
    </p>
   </div>
   <div class='ocr_carea' id='block_1_7' title="bbox 154 3268 645 3336">
    <p class='ocr_par' dir='ltr' id='par_1_7' title="bbox 154 3268 645 3336">
     <span class='ocr_line' id='line_1_28' title="bbox 154 3268 645 3336; baseline 0.01 -18"><span class='ocrx_word' id='word_1_206' title='bbox 154 3268 270 3329; x_wconf 64' lang='lat' dir='ltr'>rm</span> <span class='ocrx_word' id='word_1_207' title='bbox 288 3270 430 3336; x_wconf 55' lang='lat' dir='ltr'>neu-a</span> <span class='ocrx_word' id='word_1_208' title='bbox 445 3270 537 3332; x_wconf 68' lang='lat' dir='ltr'>suec</span> <span class='ocrx_word' id='word_1_209' title='bbox 548 3270 645 3334; x_wconf 77' lang='lat' dir='ltr'>oopn.</span> 
     </span>
    </p>
   </div>
   <div class='ocr_carea' id='block_1_8' title="bbox 619 3412 726 3464">
    <p class='ocr_par' dir='ltr' id='par_1_8' title="bbox 619 3412 726 3464">
     <span class='ocr_line' id='line_1_29' title="bbox 619 3412 726 3464; baseline -0.019 0"><span class='ocrx_word' id='word_1_210' title='bbox 619 3412 726 3464; x_wconf 68' lang='grc' dir='ltr'>ΝΟΜ</span> 
     </span>
    </p>
   </div>
   <div class='ocr_carea' id='block_1_9' title="bbox 115 3484 1213 4319">
    <p class='ocr_par' dir='ltr' id='par_1_9' title="bbox 115 3484 1213 4241">
     <span class='ocr_line' id='line_1_30' title="bbox 152 3484 1210 3574; baseline -0.007 -16"><span class='ocrx_word' id='word_1_211' title='bbox 152 3484 586 3574; x_wconf 55' lang='lat' dir='ltr'>‘mammeam</span> <span class='ocrx_word' id='word_1_212' title='bbox 597 3506 649 3557; x_wconf 79' lang='lat' dir='ltr'>lile</span> <span class='ocrx_word' id='word_1_213' title='bbox 689 3503 888 3567; x_wconf 79' lang='lat' dir='ltr'>ttooel&#39;rojsns,</span> <span class='ocrx_word' id='word_1_214' title='bbox 898 3500 991 3551; x_wconf 82' lang='lat' dir='ltr'>nullior</span> <span class='ocrx_word' id='word_1_215' title='bbox 1003 3499 1093 3550; x_wconf 82' lang='lat' dir='ltr'>Elonel</span> <span class='ocrx_word' id='word_1_216' title='bbox 1107 3510 1210 3565; x_wconf 70' lang='lat' dir='ltr'>uqurru</span> 
     </span>
     <span class='ocr_line' id='line_1_31' title="bbox 115 3574 1212 3647; baseline -0.008 -15"><span class='ocrx_word' id='word_1_217' title='bbox 115 3583 208 3632; x_wconf 76' lang='lat' dir='ltr'>Dure·</span> <span class='ocrx_word' id='word_1_218' title='bbox 219 3582 432 3647; x_wconf 65' lang='lat' dir='ltr'>conjungitque</span> <span class='ocrx_word' id='word_1_219' title='bbox 448 3584 577 3633; x_wconf 79' lang='lat' dir='ltr'>Homerus</span> <span class='ocrx_word' id='word_1_220' title='bbox 593 3595 650 3631; x_wconf 81' lang='lat' dir='ltr'>onr-</span> <span class='ocrx_word' id='word_1_221' title='bbox 688 3578 844 3630; x_wconf 82' lang='lat' dir='ltr'>mentionem</span> <span class='ocrx_word' id='word_1_222' title='bbox 866 3577 944 3627; x_wconf 77' lang='lat' dir='ltr'>ullum</span> <span class='ocrx_word' id='word_1_223' title='bbox 968 3574 1066 3625; x_wconf 77' lang='lat' dir='ltr'>tectum</span> <span class='ocrx_word' id='word_1_224' title='bbox 1087 3575 1212 3627; x_wconf 81' lang='lat' dir='ltr'>lurenlm.</span> 
     </span>
     <span class='ocr_line' id='line_1_32' title="bbox 117 3649 1213 3721; baseline -0.004 -16"><span class='ocrx_word' id='word_1_225' title='bbox 117 3658 187 3707; x_wconf 72' lang='lat' dir='ltr'>ravit</span> <span class='ocrx_word' id='word_1_226' title='bbox 208 3655 241 3706; x_wconf 85' lang='lat' dir='ltr'>ll·</span> <span class='ocrx_word' id='word_1_227' title='bbox 256 3662 289 3705; x_wconf 79' lang='lat' dir='ltr'>x.</span> <span class='ocrx_word' id='word_1_228' title='bbox 306 3664 335 3706; x_wconf 85' lang='lat' dir='ltr'>et</span> <span class='ocrx_word' id='word_1_229' title='bbox 354 3658 382 3706; x_wconf 86' lang='lat' dir='ltr'>in</span> <span class='ocrx_word' id='word_1_230' title='bbox 396 3656 427 3706; x_wconf 79' lang='lat' dir='ltr'>ils</span> <span class='ocrx_word' id='word_1_231' title='bbox 445 3655 650 3721; x_wconf 74' lang='lat' dir='ltr'>etlrrnqnoedsm</span> <span class='ocrx_word' id='word_1_232' title='bbox 689 3654 750 3703; x_wconf 76' lang='lat' dir='ltr'>Fuit</span> <span class='ocrx_word' id='word_1_233' title='bbox 770 3652 874 3717; x_wconf 82' lang='lat' dir='ltr'>quidem</span> <span class='ocrx_word' id='word_1_234' title='bbox 896 3651 1008 3701; x_wconf 78' lang='lat' dir='ltr'>Elooeur</span> <span class='ocrx_word' id='word_1_235' title='bbox 1029 3649 1107 3701; x_wconf 74' lang='lat' dir='ltr'>Rhesi</span> <span class='ocrx_word' id='word_1_236' title='bbox 1128 3658 1213 3715; x_wconf 79' lang='lat' dir='ltr'>puter,</span> 
     </span>
     <span class='ocr_line' id='line_1_33' title="bbox 117 3723 1212 3795; baseline -0.004 -16"><span class='ocrx_word' id='word_1_237' title='bbox 117 3731 247 3781; x_wconf 69' lang='lat' dir='ltr'>tumr.</span> <span class='ocrx_word' id='word_1_238' title='bbox 279 3729 412 3780; x_wconf 76' lang='lat' dir='ltr'>Homerus</span> <span class='ocrx_word' id='word_1_239' title='bbox 422 3731 499 3795; x_wconf 84' lang='lat' dir='ltr'>enlm,</span> <span class='ocrx_word' id='word_1_240' title='bbox 509 3731 542 3781; x_wconf 91' lang='lat' dir='ltr'>ll.</span> <span class='ocrx_word' id='word_1_241' title='bbox 552 3737 580 3780; x_wconf 82' lang='lat' dir='ltr'>z.</span> <span class='ocrx_word' id='word_1_242' title='bbox 596 3729 650 3780; x_wconf 80' lang='lat' dir='ltr'><strong>Arr-</strong></span> <span class='ocrx_word' id='word_1_243' title='bbox 690 3728 735 3791; x_wconf 85' lang='lat' dir='ltr'>red</span> <span class='ocrx_word' id='word_1_244' title='bbox 746 3726 860 3791; x_wconf 71' lang='lat' dir='ltr'>te&#39;l&#39;roje</span> <span class='ocrx_word' id='word_1_245' title='bbox 870 3740 922 3777; x_wconf 85' lang='lat' dir='ltr'>oon</span> <span class='ocrx_word' id='word_1_246' title='bbox 932 3724 1022 3787; x_wconf 73' lang='lat' dir='ltr'>effutt3</span> <span class='ocrx_word' id='word_1_247' title='bbox 1045 3733 1073 3776; x_wconf 88' lang='lat' dir='ltr'>et</span> <span class='ocrx_word' id='word_1_248' title='bbox 1089 3726 1111 3775; x_wconf 83' lang='lat' dir='ltr'>sl</span> <span class='ocrx_word' id='word_1_249' title='bbox 1126 3723 1212 3776; x_wconf 76' lang='lat' dir='ltr'>situle·</span> 
     </span>
     <span class='ocr_line' id='line_1_34' title="bbox 121 3802 1211 3869; baseline -0.001 -17"><span class='ocrx_word' id='word_1_250' title='bbox 121 3802 287 3855; x_wconf 67' lang='lat' dir='ltr'>dmm</span> <span class='ocrx_word' id='word_1_251' title='bbox 299 3804 650 3869; x_wconf 76' lang='lat' dir='ltr'>lnduelt,eumpsrrulorlr·</span> <span class='ocrx_word' id='word_1_252' title='bbox 689 3812 739 3867; x_wconf 82' lang='lat' dir='ltr'>ret,</span> <span class='ocrx_word' id='word_1_253' title='bbox 757 3803 926 3867; x_wconf 76' lang='lat' dir='ltr'>&#39;l&#39;rojsnornru</span> <span class='ocrx_word' id='word_1_254' title='bbox 947 3809 1035 3867; x_wconf 74' lang='lat' dir='ltr'>parter</span> <span class='ocrx_word' id='word_1_255' title='bbox 1054 3807 1158 3852; x_wconf 77' lang='lat' dir='ltr'>secutur</span> <span class='ocrx_word' id='word_1_256' title='bbox 1171 3814 1211 3851; x_wconf 81' lang='lat' dir='ltr'>er·</span> 
     </span>
     <span class='ocr_line' id='line_1_35' title="bbox 122 3877 737 3942; baseline 0.002 -16"><span class='ocrx_word' id='word_1_257' title='bbox 122 3882 247 3939; x_wconf 67' lang='lat' dir='ltr'>tymme</span> <span class='ocrx_word' id='word_1_258' title='bbox 255 3877 400 3928; x_wconf 73' lang='lat' dir='ltr'>Hectorem</span> <span class='ocrx_word' id='word_1_259' title='bbox 410 3879 604 3942; x_wconf 73' lang='lat' dir='ltr'>deprecantem.</span> <span class='ocrx_word' id='word_1_260' title='bbox 614 3893 649 3929; x_wconf 85' lang='lat' dir='ltr'>ns</span> <span class='ocrx_word' id='word_1_261' title='bbox 688 3886 737 3931; x_wconf 85' lang='lat' dir='ltr'>ret.</span> 
     </span>
     <span class='ocr_line' id='line_1_36' title="bbox 122 3949 1212 4018; baseline 0.001 -17"><span class='ocrx_word' id='word_1_262' title='bbox 122 3951 153 4001; x_wconf 83' lang='lat' dir='ltr'>iu</span> <span class='ocrx_word' id='word_1_263' title='bbox 165 3964 275 4015; x_wconf 68' lang='lat' dir='ltr'>pugnus</span> <span class='ocrx_word' id='word_1_264' title='bbox 286 3953 409 4016; x_wconf 83' lang='lat' dir='ltr'>prodiret.</span> <span class='ocrx_word' id='word_1_265' title='bbox 433 3956 478 4016; x_wconf 83' lang='lat' dir='ltr'>Et,</span> <span class='ocrx_word' id='word_1_266' title='bbox 487 3956 521 4005; x_wconf 87' lang='lat' dir='ltr'>ll.</span> <span class='ocrx_word' id='word_1_267' title='bbox 531 3961 561 4006; x_wconf 72' lang='lat' dir='ltr'>lt</span> <span class='ocrx_word' id='word_1_268' title='bbox 574 3955 648 4004; x_wconf 84' lang='lat' dir='ltr'>Prlr·</span> <span class='ocrx_word' id='word_1_269' title='bbox 720 3953 866 4018; x_wconf 73' lang='lat' dir='ltr'>&#39;Iptinenur</span> <span class='ocrx_word' id='word_1_270' title='bbox 876 3951 980 4015; x_wconf 68' lang='lat' dir='ltr'>eosdm]</span> <span class='ocrx_word' id='word_1_271' title='bbox 1003 3949 1055 4002; x_wconf 76' lang='lat' dir='ltr'>Sed</span> <span class='ocrx_word' id='word_1_272' title='bbox 1069 3952 1212 4003; x_wconf 80' lang='lat' dir='ltr'>Homerum</span> 
     </span>
     <span class='ocr_line' id='line_1_37' title="bbox 119 4025 1213 4095; baseline 0.002 -20"><span class='ocrx_word' id='word_1_273' title='bbox 119 4040 196 4076; x_wconf 83' lang='lat' dir='ltr'>mum</span> <span class='ocrx_word' id='word_1_274' title='bbox 208 4025 391 4095; x_wconf 74' lang='lat' dir='ltr'>Brontemque</span> <span class='ocrx_word' id='word_1_275' title='bbox 402 4030 539 4094; x_wconf 75' lang='lat' dir='ltr'>pronibere</span> <span class='ocrx_word' id='word_1_276' title='bbox 549 4031 648 4082; x_wconf 83' lang='lat' dir='ltr'>Hecto·</span> <span class='ocrx_word' id='word_1_277' title='bbox 688 4044 745 4079; x_wconf 87' lang='lat' dir='ltr'>snm</span> <span class='ocrx_word' id='word_1_278' title='bbox 754 4043 773 4078; x_wconf 76' lang='lat' dir='ltr'>s</span> <span class='ocrx_word' id='word_1_279' title='bbox 782 4030 883 4080; x_wconf 74' lang='lat' dir='ltr'>Glauco</span> <span class='ocrx_word' id='word_1_280' title='bbox 893 4028 1006 4078; x_wconf 83' lang='lat' dir='ltr'>oceirmu</span> <span class='ocrx_word' id='word_1_281' title='bbox 1016 4025 1155 4095; x_wconf 82' lang='lat' dir='ltr'>dlelt,ipru</span> <span class='ocrx_word' id='word_1_282' title='bbox 1166 4029 1213 4079; x_wconf 86' lang='lat' dir='ltr'>lot·</span> 
     </span>
     <span class='ocr_line' id='line_1_38' title="bbox 119 4103 812 4162; baseline 0.007 -11"><span class='ocrx_word' id='word_1_283' title='bbox 119 4114 179 4151; x_wconf 84' lang='lat' dir='ltr'>rem</span> <span class='ocrx_word' id='word_1_284' title='bbox 196 4103 351 4162; x_wconf 75' lang='lat' dir='ltr'>enitentes.</span> <span class='ocrx_word' id='word_1_285' title='bbox 368 4120 402 4157; x_wconf 84' lang='lat' dir='ltr'>ne</span> <span class='ocrx_word' id='word_1_286' title='bbox 419 4113 512 4158; x_wconf 75' lang='lat' dir='ltr'>contro</span> <span class='ocrx_word' id='word_1_287' title='bbox 522 4106 648 4158; x_wconf 77' lang='lat' dir='ltr'>Achillem</span> <span class='ocrx_word' id='word_1_288' title='bbox 689 4106 726 4156; x_wconf 84' lang='lat' dir='ltr'>tio</span> <span class='ocrx_word' id='word_1_289' title='bbox 737 4105 770 4154; x_wconf 87' lang='lat' dir='ltr'>ll.</span> <span class='ocrx_word' id='word_1_290' title='bbox 781 4111 812 4156; x_wconf 82' lang='lat' dir='ltr'>ll.</span> 
     </span>
     <span class='ocr_line' id='line_1_39' title="bbox 118 4176 1211 4241; baseline -0.003 -13"><span class='ocrx_word' id='word_1_291' title='bbox 118 4176 291 4241; x_wconf 78' lang='lat' dir='ltr'>procederet.</span> <span class='ocrx_word' id='word_1_292' title='bbox 720 4188 733 4225; x_wconf 82' lang='lat' dir='ltr'>t</span> <span class='ocrx_word' id='word_1_293' title='bbox 759 4179 887 4229; x_wconf 62' lang='lat' dir='ltr'>aaron</span> <span class='ocrx_word' id='word_1_294' title='bbox 906 4176 1003 4240; x_wconf 69' lang='lat' dir='ltr'>uere]</span> <span class='ocrx_word' id='word_1_295' title='bbox 1037 4179 1077 4229; x_wconf 82' lang='lat' dir='ltr'>Ex</span> <span class='ocrx_word' id='word_1_296' title='bbox 1097 4179 1211 4232; x_wconf 80' lang='lat' dir='ltr'>Homero</span> 
     </span>
    </p>

    <p class='ocr_par' dir='ltr' id='par_1_10' title="bbox 149 4253 1211 4319">
     <span class='ocr_line' id='line_1_40' title="bbox 149 4253 1211 4319; baseline -0.004 -16"><span class='ocrx_word' id='word_1_297' title='bbox 149 4262 162 4287; x_wconf 74' lang='lat'><strong><em>⁶</em></strong></span> <span class='ocrx_word' id='word_1_298' title='bbox 178 4253 444 4318; x_wconf 63' lang='lat' dir='ltr'>maumas]</span> <span class='ocrx_word' id='word_1_299' title='bbox 460 4255 533 4308; x_wconf 79' lang='lat' dir='ltr'>Atln</span> <span class='ocrx_word' id='word_1_300' title='bbox 544 4253 651 4319; x_wconf 77' lang='lat' dir='ltr'>expret-</span> <span class='ocrx_word' id='word_1_301' title='bbox 689 4253 781 4304; x_wconf 76' lang='lat' dir='ltr'>fetrum</span> <span class='ocrx_word' id='word_1_302' title='bbox 805 4260 867 4315; x_wconf 73' lang='lat' dir='ltr'>ert5</span> <span class='ocrx_word' id='word_1_303' title='bbox 892 4254 947 4318; x_wconf 83' lang='lat' dir='ltr'>qul,</span> <span class='ocrx_word' id='word_1_304' title='bbox 967 4261 1027 4318; x_wconf 83' lang='lat' dir='ltr'>pert</span> <span class='ocrx_word' id='word_1_305' title='bbox 1045 4255 1211 4304; x_wconf 74' lang='lat' dir='ltr'>interemtum</span> 
     </span>
    </p>
   </div>
   <div class='ocr_carea' id='block_1_10' title="bbox 181 4332 1148 4411">
    <p class='ocr_par' dir='ltr' id='par_1_11' title="bbox 181 4332 1148 4411">
     <span class='ocr_line' id='line_1_41' title="bbox 181 4332 1148 4411; baseline -0.008 -25"><span class='ocrx_word' id='word_1_306' title='bbox 181 4335 311 4400; x_wconf 59' lang='grc' dir='ltr'>ΜΡΝ</span> <span class='ocrx_word' id='word_1_307' title='bbox 325 4336 462 4387; x_wconf 68' lang='lat' dir='ltr'>Vmclse.</span> <span class='ocrx_word' id='word_1_308' title='bbox 593 4336 664 4384; x_wconf 76' lang='lat' dir='ltr'>nire.</span> <span class='ocrx_word' id='word_1_309' title='bbox 676 4335 741 4386; x_wconf 79' lang='lat' dir='ltr'>Cret.</span> <span class='ocrx_word' id='word_1_310' title='bbox 751 4336 791 4397; x_wconf 56' lang='grc' dir='ltr'>ξε.</span> <span class='ocrx_word' id='word_1_311' title='bbox 828 4402 836 4411; x_wconf 81' lang='lat'><em>.</em></span> <span class='ocrx_word' id='word_1_312' title='bbox 1122 4332 1148 4378; x_wconf 83' lang='lat' dir='ltr'><strong>x</strong></span> 
     </span>
    </p>
   </div>
   <div class='ocr_carea' id='block_1_11' title="bbox 0 0 1516 4906">
    <p class='ocr_par' dir='ltr' id='par_1_12' title="bbox 0 0 1516 4906">
     <span class='ocr_line' id='line_1_42' title="bbox 0 0 1516 4906; baseline 0 0"><span class='ocrx_word' id='word_1_313' title='bbox 0 0 1516 4906; x_wconf 95' lang='lat' dir='ltr'> </span> 
     </span>
    </p>
   </div>
  </div>
 </body>
</html>
