3034 4928
310 399 483 452 tosuuns
507 398 661 447 vossius
686 399 734 445 un
758 398 872 447 nroru
897 400 1042 449 ounoo.
1178 385 1220 451 13

169 544 285 607 Etiam
306 542 428 623 Dictys
452 538 622 604 Cretensis
635 538 727 615 bello
746 536 893 623 'l'rojuuo
910 539 1089 604 idomenea
1102 560 1221 624 seque·

119 646 241 718 batur,
251 664 291 706 sc
302 650 423 724 prester
438 639 574 717 Italica„
584 638 688 703 Suids
698 645 798 716 teste,
810 640 906 705 iibris
917 660 1033 715 norom
1049 642 1222 723 consigna·

123 746 181 808 vit
210 745 328 808 beilum
353 741 558 825 Trojanumt
596 739 766 803 Homerus
791 746 898 804 sutem
916 760 992 804 eum
1014 742 1049 805 iu
1072 740 1222 824 poiimate

126 863 195 907 suo
224 850 279 906 est
299 846 455 905 meatus:
486 845 522 904 ut
537 840 669 921 quidem
697 846 884 903 auctorest
907 841 1061 919 Tzetues,
1084 841 1170 906 ehu.
1187 857 1223 903 v.

128 945 231 1008 Hist.
244 943 300 1007 3⁰.
1258 1000 1261 1007 .

173 1045 282 1109 Porro
297 1063 342 1109 ex
358 1043 462 1126 Dicty
475 1047 508 1105 et
527 1042 650 1106 Derete
669 1040 874 1125 depromtum
892 1061 967 1106 esse
992 1048 1105 1108 oenset
1118 1044 1224 1111 Souli-

125 1166 202 1230 ger,
225 1144 331 1229 quod,
362 1150 477 1209 contre
498 1142 641 1207 Homeri
665 1150 699 1207 et
720 1143 860 1207 aliorum
883 1145 1126 1223 auctoritatem,
1151 1166 1226 1228 per·

128 1248 300 1329 scriptum
316 1251 368 1310 est
381 1245 415 1308 iu
429 1243 598 1308 Chronico
612 1242 749 1308 Eusebii
764 1244 807 1307 ud
822 1263 874 1309 an.
892 1260 1093 1310 rooocnxrt.
1136 1246 1227 1311 Hee-

128 1348 221 1412 toris
245 1345 335 1411 filios
360 1345 461 1408 Ilium
482 1346 663 1427 recepisse,
686 1345 841 1428 expulsis
870 1343 1050 1409 Antenoris
1067 1348 1227 1428 posteris,

131 1431 279 1511 Helena
293 1444 478 1508 subsidium
492 1445 626 1508 serente.
653 1442 744 1523 Quin
759 1445 924 1529 hodieque
939 1453 1056 1510 extant
1072 1449 1227 1531 anonymi

1 1583 2 1588 κ
132 1547 208 1610 duo
222 1546 265 1610 de
288 1545 381 1610 bello
395 1543 557 1627 Trojano,
572 1546 630 1626 qui
654 1546 888 1626 consignarunt
909 1546 1023 1625 libros,
1038 1566 1138 1613 unum
1164 1548 1228 1612 sub

134 1647 271 1711 nomine
299 1646 422 1729 Dictys
448 1644 632 1721 Cretensis,
661 1646 800 1711 ultorum
820 1665 900 1712 vero
920 1646 1054 1712 Daretis
1082 1647 1228 1734 Phrygii.

135 1745 245 1824 Quod
269 1753 489 1809 commentum
505 1752 543 1809 ut
566 1745 679 1809 colore
703 1746 817 1828 aliquo
843 1747 961 1811 melius
975 1748 1116 1827 falleret,
1130 1750 1230 1813 tinxit

136 1847 236 1931 prior
259 1845 424 1929 quendam
450 1843 495 1924 Q.
517 1845 715 1928 Septimium
739 1846 940 1923 Romanum,
956 1848 1014 1930 qui
1035 1869 1097 1933 per
1117 1849 1230 1914 literas

137 1947 347 2031 significmet
361 1944 404 2025 Q.
421 1943 582 2022 Arcadio,
596 1955 635 2010 ut
647 1948 681 2010 iu
697 1934 797 2011 Crete
816 1948 938 2023 insule,
953 1967 1028 2012 curu
1043 1949 1078 2012 vi
1090 1955 1232 2033 tempos·

141 2048 228 2111 tutis
241 2055 330 2111 terra
340 2045 534 2121 desedisset,
555 2045 590 2108 in
607 2045 697 2109 hiatu
710 2046 770 2111 iilo
783 2048 977 2130 apparuerit
992 2048 1111 2132 Diotys
1122 2048 1234 2132 sepul-

1 2153 2 2232 ]
142 2165 253 2222 crum,
266 2155 365 2230 atque
388 2148 424 2209 in
437 2165 480 2209 eo
494 2165 516 2210 e
531 2147 720 2228 pastoribus
735 2148 866 2210 iuuenta
879 2149 923 2210 sit
937 2147 1051 2213 ercule
1066 2149 1234 2232 plumbeo,

1 2287 2 2306 2
142 2248 272 2310 librum·
285 2247 405 2329 Dictys
420 2248 589 2310 continens
601 2247 643 2310 de
655 2247 743 2312 bello
757 2246 916 2330 Trojano,
934 2250 992 2330 qni
1009 2249 1118 2312 literis
1133 2251 1236 2331 scrip·
1308 2280 1310 2285 ⁴

149 2354 213 2409 tus
227 2345 520 2409 ossetPhoeuiceis.
541 2347 595 2410 De
610 2347 732 2410 Derete
745 2352 854 2409 autem
867 2345 1012 2430 Phrygio
1027 2347 1095 2412 tule
1109 2349 1238 2413 auctori

149 2444 286 2529 placuit
298 2442 496 2525 figmentum.
539 2446 727 2510 Cornelium
759 2445 925 2529 Nepotem
940 2447 1069 2513 inducit
1091 2448 1237 2514 scriben-
1311 2482 1314 2491 .

146 2553 220 2609 tem
247 2544 288 2607 ud
320 2542 472 2627 Crispum
499 2545 707 2625 Sallustium,
734 2551 771 2607 nt
794 2543 934 2610 Athenis
959 2555 1051 2611 esset
1084 2556 1236 2632 repertos

147 2642 341 2729 atriyyapu,
369 2643 477 2725 ipsius
510 2645 656 2710 auctoris
684 2645 943 2727 manuscriptus,
974 2647 1060 2711 iiber
1092 2648 1239 2726 Daretis,

148 2763 254 2827 quem
271 2744 364 2808 dixi:
379 2752 480 2826 atque
493 2756 532 2808 ut
546 2745 632 2808 huuc
648 2744 767 2809 Latine
782 2751 859 2826 toga
872 2743 1016 2823 donarit,
1032 2751 1068 2811 ut
1082 2748 1237 2812 amicitiae

148 2846 220 2909 hoe
234 2853 478 2910 monumentum
486 2845 631 2909 muueris
644 2843 721 2908 loco
732 2843 892 2908 Sallustio
907 2847 1030 2911 mittut·
1072 2845 1138 2909 Sed
1147 2855 1239 2912 extat

149 2947 287 3029 genuini
300 2944 450 3009 Cornelii
475 2943 618 3026 Nepotis
641 2945 723 3008 liber
745 2945 788 3009 de
803 2943 910 3010 Attici
926 2947 1017 3025 uite3
1041 2947 1127 3024 item,
1142 2967 1239 3029 quem

152 3046 291 3128 scripsit
307 3045 350 3109 de
366 3045 626 3126 lmpemtoribus
641 3047 792 3109 externis.
836 3044 924 3122 Quid
939 3046 992 3108 his
1007 3046 1100 3110 libris
1113 3050 1240 3128 purius,

153 3146 434 3228 elegantiusquei
458 3142 551 3223 Quid
566 3141 610 3209 sd
624 3146 689 3209 iste
703 3146 836 3213 unedo
852 3146 1011 3210 Duretisi
1046 3145 1188 3227 Nempe,
1204 3154 1241 3210 nt

154 3247 223 3310 dici
246 3245 343 3322 solet,
365 3247 462 3310 ulitur
482 3246 585 3309 catuli
609 3247 710 3321 olent,
736 3247 830 3311 aliter
858 3265 950 3311 sues.
1009 3245 1114 3308 Recte
1143 3243 1243 3324 igitur

154 3346 261 3413 sensit
274 3345 472 3410 Lndouions
487 3344 593 3409 Vives
606 3346 639 3409 iu
662 3347 775 3428 quinto
799 3344 842 3408 de
858 3343 1022 3407 tradendis
1046 3342 1244 3426 disciplinis,

160 3463 237 3507 cum
253 3444 311 3520 ait,
333 3451 368 3507 et
392 3445 557 3521 Deretem,
573 3450 607 3507 et
629 3444 753 3527 Dictyu
772 3444 874 3506 istum
888 3440 1043 3524 (quornm
1066 3446 1172 3507 tamen
1188 3443 1243 3508 hie

159 3543 335 3626 aliquanto
352 3558 403 3607 est
419 3543 550 3619 cultior,
564 3549 600 3606 et
613 3536 824 3624 elegantius)
842 3561 916 3607 esse
938 3526 1116 3625 ‘figmenta
1131 3563 1244 3609 eorum

158 3645 217 3727 qui
234 3642 379 3709 debello
392 3643 623 3709 famosissimo
639 3644 809 3708 voluerunt
823 3642 959 3710 ludere.'
