3006 4906
412 402 460 450 nn
485 400 761 449 excumrnorn
785 400 935 449 aranon.
1099 450 1104 465 ,
1147 385 1214 451 hid

118 546 253 612 nomina
265 552 298 609 et
312 543 503 627 provincias
517 540 735 606 insinuandae
745 560 823 605 esse
835 542 1005 605 duximus.
1037 541 1091 606 De
1102 542 1210 619 Zella,

119 643 316 722 Pandarus,i
331 644 517 727 Amphion,
532 638 724 708 Adrastus.k
748 641 800 706 De
811 640 1032 725 Colophouis,
1045 630 1212 728 Mopsus,¹

123 748 241 825 Cares,
270 747 406 823 Nartes,
440 744 740 827 Amphimachus.¹²¹
798 745 852 809 De
880 744 997 828 Lycia,
1024 745 1209 829 Sarpedon,

123 847 284 913 Glaucus.
328 848 381 911 De
404 846 550 921 Larissa,
568 844 782 928 Hippothous
805 853 842 909 et
858 844 1040 928 coponem
1085 848 1138 912 De
1154 846 1209 912 Ci-

123 950 233 1025 conia,
248 948 455 1031 Euphemes.
499 946 553 1010 De
568 944 724 1023 Thracia,
741 944 852 1028 Pyros
863 954 898 1010 et
909 944 1083 1011 Acamas.⁰
1114 947 1210 1013 Anti·

123 1052 207 1136 phus
232 1059 268 1115 et
290 1050 452 1115 Mesthles
475 1048 516 1112 de
541 1046 700 1112 Maeonia.
744 1045 912 1112 Ascanius
932 1055 968 1112 et
992 1047 1144 1132 Phorcys
1168 1050 1209 1114 de

121 1153 277 1217 Ascania
323 1152 377 1215 De
405 1148 648 1231 Paphlagonia,
670 1146 891 1230 Pylaernenes.
944 1147 999 1213 De
1019 1147 1206 1232 AEthiopia,

119 1253 240 1317 Perses
255 1260 290 1318 et
306 1252 486 1316 Memnon?
516 1250 570 1314 De
584 1248 740 1326 Thracia,
758 1248 894 1313 Rhesus
908 1257 944 1313 et
958 1249 1208 1318 Archilochus.t

121 1356 175 1418 De
188 1353 357 1430 Adrastia,
376 1354 544 1418 Adrastus
567 1358 604 1415 et
621 1349 810 1435 Amphins.'
853 1351 907 1415 De
934 1349 1099 1429 Attzonie,
1126 1352 1209 1437 Epi·

121 1454 300 1537 strophas!
335 1454 402 1518 His
416 1451 632 1518 ductoribus‘
646 1462 681 1516 et
693 1451 909 1529 exercitibus,
921 1453 979 1535 qni
994 1453 1208 1537 parabantur,

120 1556 270 1638 praefecit
280 1555 435 1620 Priamus
450 1555 619 1640 principos
634 1560 667 1618 et
677 1554 842 1625 ductores,
855 1554 1047 1632 Hectorem,
1059 1554 1208 1638 Deipho-

120 1657 210 1733 bum,
225 1655 466 1735 Alexandrum,
480 1657 640 1734 Troilnm,
660 1658 812 1733 AEneam,
835 1655 1062 1721 Memnonem.
1117 1657 1207 1721 Dum

118 1757 349 1838 Agamemnon
363 1760 510 1824 consulit
531 1758 574 1823 de
588 1764 660 1823 tota
672 1776 717 1832 re,
737 1776 781 1821 ex
802 1753 944 1820 Cormo·
960 1756 1095 1820 advenit
1111 1756 1207 1821 Nau·

119 1858 183 1939 plii
199 1858 290 1922 tilius
300 1859 506 1937 Palamedes,
521 1878 597 1923 cum
612 1858 756 1923 naribus
772 1856 925 1937 triginta:
940 1856 996 1919 ille
1010 1876 1048 1919 re
1063 1875 1207 1921 excusa·

121 1960 184 2036 vit,
212 1963 328 2026 morbo
357 1962 510 2028 allectum
538 1959 691 2025 Athones
722 1959 835 2025 venire
863 1976 930 2022 uon
957 1957 1127 2040 potuisse:
1148 1960 1207 2040 qui

121 2061 299 2138 advenerit,
315 2082 389 2127 oum
405 2064 546 2147 primum
562 2063 719 2145 potnerit.
749 2060 886 2125 Gratias
900 2066 1012 2141 agunt,
1024 2064 1205 2141 rogantque

120 2182 196 2226 eum
210 2163 244 2226 iu
259 2164 397 2228 consilio
413 2184 498 2228 esse.
543 2161 626 2247 [te]
649 2162 782 2227 Deinde
797 2181 873 2226 oum
887 2160 1021 2243 Argivis
1045 2179 1110 2223 nou
1126 2180 1206 2225 con-

610 2390 718 2442 North

148 2532 155 2567 ¹
173 2532 291 2591 Daldis,
302 2531 441 2595 Pandam]
452 2534 592 2584 Homerum
602 2549 642 2585 aa·
681 2535 747 2585 ‘Hir
763 2534 924 2599 imperabant
942 2533 1104 2599 Hippothous
1115 2541 1142 2584 et
1153 2535 1206 2599 Py·

117 2610 202 2674 quitur
221 2611 312 2659 Daren
344 2610 411 2658 Vide
428 2616 519 2658 notatu
534 2610 641 2660 alec·
681 2612 847 2674 leua,remur
858 2610 967 2662 Martia!

114 2694 169 2748 tyn.
713 2695 725 2720 ⁰
742 2688 822 2752 Pyrro
836 2694 860 2737 et
874 2687 988 2751 Amatur]
1006 2686 1092 2750 Plrot,
1108 2688 1205 2750 Πείρως,

144 2759 156 2793 ¹
171 2761 302 2825 Amphion,
312 2761 442 2824 Adrastus]
456 2759 510 2816 Ait,
521 2760 642 2824 Amphio·
682 2772 777 2812 vocaut
788 2763 895 2812 Homer·
904 2772 929 2812 et
941 2763 1044 2826 Dictys.

112 2850 168 2884 nem
186 2845 215 2885 et
233 2835 374 2884 Adrastum
395 2848 427 2883 rx
445 2833 516 2883 Zella
534 2836 642 2897 nonime,
712 2839 781 2889 une
799 2840 929 2903 AEtllrpin,
940 2838 1027 2888 Persea
1041 2843 1065 2888 rt
1080 2839 1204 2904 Metam]

111 2926 173 2973 quor
185 2911 329 2971 Homerus,
344 2923 376 2957 ex
389 2909 538 2959 Adrestcln.
570 2909 640 2959 Vide
680 2916 779 2964 Dahae
790 2915 1025 2979 Peracuihilapnd
1042 2915 1205 2966 aliurancto·

112 2986 179 3050 rpud
192 2988 303 3049 Dictyn,
315 2986 359 3050 qni
379 2984 547 3048 Amphionem
564 2994 641 3037 rocut
680 3002 722 3038 rer
733 2991 828 3039 inveni.

110 3064 305 3128 Ampelontes
319 3062 440 3111 Homero·
711 3064 1043 3128 amnemamnem]
1071 3064 1205 3113 Damrhtc

141 3137 148 3172 ¹
164 3141 204 3189 De
223 3140 376 3202 Colophonis,
392 3136 501 3201 Mopsus]
516 3136 554 3187 At
565 3138 639 3201 Mop·
680 3138 860 3191 Archilochum
880 3156 937 3191 curu
960 3141 1044 3189 Rheso
1064 3138 1206 3201 conjungit,

107 3229 164 3262 rum
176 3216 250 3263 luter
263 3214 343 3263 duces
359 3214 509 3263 Grtcurum
521 3221 640 3263 numerat
678 3232 753 3280 quem
766 3217 873 3266 Homer.
882 3230 939 3265 com
949 3214 1030 3263 AEnea
1038 3213 1143 3267 socium,
1151 3211 1204 3260 Au·

109 3290 227 3352 Dictyu
253 3289 298 3337 aed
313 3290 333 3337 lu
345 3302 428 3353 nequa
440 3289 542 3340 Graecia
554 3303 638 3355 nequa
679 3292 824 3355 tenorisque
835 3290 914 3340 fllium
924 3288 997 3338 lucit.

107 3364 232 3427 'Projunia
245 3361 326 3425 alluit,
336 3371 365 3413 ut
381 3377 414 3412 ex
431 3364 561 3414 ueteribus
578 3378 637 3414 con·
709 3373 720 3401 ¹
735 3368 774 3417 De
786 3368 907 3429 Adrerliu,
918 3362 1205 3427 AdrmtmmAmpliar]

105 3449 172 3492 atet.
678 3442 728 3493 ilud
745 3457 822 3506 supra
835 3442 1004 3504 Amphionem
1021 3447 1049 3490 et
1063 3439 1203 3490 Adrastum

139 3522 159 3551 ²
177 3520 263 3579 cren,
273 3517 370 3578 Nartes,
379 3518 571 3583 hamtunam]
588 3519 638 3567 To·
678 3519 838 3578 mentorrrit,
850 3531 908 3566 cnm
920 3515 1051 3576 Pandaro,
1062 3530 1094 3566 ex
1106 3516 1188 3567 Zella.

104 3603 147 3645 tna
156 3595 201 3645 hic
211 3596 285 3644 leena
294 3593 510 3657 itadlaponeudnr
518 3602 574 3644 ert:
584 3595 638 3644 ‘lla
710 3603 719 3628 ⁸
735 3596 774 3644 De
784 3593 902 3654 Allzorlo,
914 3591 1078 3658 speremus]
1095 3593 1159 3644 Cum
1167 3592 1204 3644 0·

103 3672 269 3736 Colophonis
288 3671 405 3734 Mopaur.
425 3669 513 3731 cares,
533 3670 639 3733 Nectar,
678 3671 732 3722 dio.
750 3670 857 3720 Homer.
869 3670 966 3733 Dictys.

104 3745 327 3808 Amphimachus!
360 3745 456 3795 Nautes
482 3755 509 3795 at
531 3745 637 3809 Amphi·
711 3747 786 3796 ‘Hir
803 3745 950 3808 ‹tactor-itas]
979 3744 1064 3794 Aulum
1081 3746 1202 3808 Hyrtaci-

103 3824 214 3871 maclrur
226 3824 317 3883 cares,
329 3822 347 3870 i.
358 3836 383 3871 a.
394 3837 427 3871 er
442 3823 534 3873 cirta:
554 3837 637 3889 neque
676 3825 735 3874 dem
748 3823 875 3887 preterit,
887 3830 913 3871 et
931 3822 1112 3884 Pyrcoltmem,
1124 3821 1203 3870 Chro-

104 3899 387 3962 euirnrirlproprlnm.
676 3902 739 3962 min,
758 3907 786 3949 et
802 3899 952 3961 Ennomon3
977 3911 1039 3961 quoa
1058 3896 1118 3946 ride
1133 3898 1202 3962 apud

141 3980 155 4007 ⁸
168 3975 212 4023 De
223 3973 324 4039 larius,
334 3975 513 4038 Hlppottearet
522 3976 635 4039 Ceperat]
676 3976 784 4037 Dletym
796 3988 828 4023 ex
841 3974 965 4023 Homero.

101 4049 212 4101 Nescio
223 4050 288 4097 unde
306 4049 472 4113 ‘ceperum'
491 4051 532 4100 hlr
553 4060 637 4111 voert,
710 4052 780 4099 ¹·Err
793 4049 887 4113 Come]
914 4046 1009 4111 corrui,
1026 4045 1094 4113 qnod
1114 4048 1204 4110 sclam,

97 4141 185 4192 quiem
200 4124 325 4174 Homero
343 4126 494 4190 ‘Pyleum'
524 4128 575 4175 τᾶν
584 4124 638 4188 ripa(
677 4140 753 4177 nemo
762 4125 885 4176 meminit.

95 4201 231 4255 'indoctis
257 4219 293 4266 rr,
314 4201 417 4253 ndnuads
439 4203 462 4251 τ’
482 4200 534 4263 lifes
547 4201 638 4265 'Apron
