3034 4928
543 394 662 449 corre
685 395 834 449 rector.
1190 391 1233 459 77

129 539 230 605 uuio
245 544 278 604 et
290 539 386 603 locue
399 536 576 605 meroem
588 541 809 623 gymnasium.
850 540 978 608 Lucen.
995 556 1063 609 vu.
1079 542 1230 615 Pherrel

131 642 217 705 270.
260 640 400 705 Lucieu.
416 640 452 703 in
465 638 707 723 Anechureirl.)
715 649 895 720 ceromete,
908 642 943 708 id
956 650 1025 723 eet,
1035 645 1230 714 athletam

135 741 215 806 oleo
229 739 365 810 inuncti,
380 745 418 803 ut
431 758 551 804 menne
565 740 717 806 fallerent
731 742 1059 826 apprehendentium.
1101 747 1228 817 Iuoeu.

135 856 191 902 ιν.
207 840 356 906 Phemel.
377 839 455 905 613.
481 839 524 904 (le
551 839 698 906 Hercule
721 841 899 908 lucteturo.
920 843 1059 923 Statius,
1075 862 1122 911 vr.
1141 848 1229 915 The·

133 939 230 1004 haid.
243 939 318 1005 88⁰.
362 938 462 1004 Unde
477 958 554 1004 seue
567 940 712 1006 invicem
726 961 828 1008 arene
846 941 945 1027 jectu
958 949 1228 1029 compergebent,

133 1046 178 1104 ut
203 1039 333 1103 lubrice
361 1056 506 1121 corpore
526 1039 761 1123 preheneionee
779 1042 1003 1111 admitterent.
1047 1043 1146 1113 ovio.
1169 1065 1225 1115 rx.

133 1139 276 1205 Metam.
289 1138 346 1203 86.
361 1138 404 1203 de
417 1138 538 1205 eodem
553 1140 711 1206 Hercule.
754 1141 894 1227 Quippe
916 1145 951 1208 in
972 1145 1066 1212 lucte
1080 1166 1119 1211 ee
1139 1147 1226 1213 invi·

131 1259 209 1305 cern
220 1257 294 1306 uon
308 1239 538 1315 verberabunt,
553 1240 615 1304 eod
637 1241 846 1315 solummodo
861 1244 1178 1327 complectebantur,
1192 1253 1229 1313 nt

133 1340 226 1405 ulter
239 1340 382 1404 elterum
395 1337 487 1404 humi
501 1339 665 1423 dejiceret
711 1342 752 1407 lu
767 1361 834 1425 quo
848 1345 1229 1425 preeeertimleurleudue

133 1439 276 1516 athlete,
299 1440 357 1523 qui
382 1447 645 1518 conuertentem,
670 1442 744 1506 eine
771 1443 918 1525 pulveris
948 1443 1045 1526 jectu
1073 1446 1227 1519 vinceret.

133 1540 227 1605 Plin.
243 1539 292 1604 H.
308 1539 393 1621 Nat„
405 1555 533 1605 xxxv.
546 1541 597 1605 ll.
610 1542 655 1607 (le
670 1542 848 1627 Dioxippo
864 1541 1062 1609 Alcimechi

177 1640 230 1704 Hi
245 1660 328 1705 rero
342 1641 523 1705 luctatores
536 1640 571 1704 in
585 1640 848 1724 Segestanorum
864 1641 898 1706 N
900 1662 1011 1711 ummo
1025 1649 1227 1728 spectentur,

134 1742 228 1825 epurl
259 1740 436 1823 uegetum,
464 1740 818 1808 nomannorum.
847 1744 882 1807 in
902 1743 997 1807 Sicil.
1025 1743 1130 1811 Num.
1149 1747 1227 1814 370.

134 1844 257 1926 quelee
266 1849 302 1906 et
322 1861 366 1905 ex
379 1840 632 1926 Aspendiorum
646 1842 680 1907 N
683 1863 750 1907 um.
762 1862 785 1907 e
799 1843 923 1908 Putiuo
937 1862 1043 1926 nuper
1056 1844 1226 1927 dederam,

134 1944 180 2009 ed
193 1942 298 2007 ovid.
315 1941 456 2006 Heroid.
473 1941 524 2007 18<
546 1943 657 2026 Eplet.
670 1953 706 2008 et
727 1942 907 2022 Mertielie,
922 1961 974 2010 rr.
988 1947 1043 2009 οὗ.
1054 1947 1089 2010 7.
1131 1945 1228 2025 Quoe

137 2054 250 2108 temen
268 2028 340 2106 r'ute
353 2048 386 2106 et
400 2041 568 2124 elegentie
587 2048 745 2125 cuperent
765 2043 963 2109 luctatorum
986 2043 1123 2123 statue,
1138 2048 1229 2130 opud

137 2144 351 2220 Perrierium,
362 2143 598 2227 Episcopium,
620 2149 817 2226 ceterosque
836 2142 1125 2211 Monumentorum
1139 2166 1228 2214 mer·

35 2282 41 2296 ·
137 2256 330 2310 merentum
344 2243 553 2309 collectores.

471 2414 587 2524 'x1v.
632 2455 892 2524 unumne.

494 2592 499 2603 ’
535 2607 616 2672 Lre.
632 2625 682 2671 vr.
705 2606 794 2672 Cur.
810 2606 843 2672 1.

133 2752 231 2817 ‘lios
256 2753 424 2840 Nauplius
445 2757 552 2822 ultum
573 2758 614 2822 iri
638 2757 777 2842 cupieos
799 2755 990 2822 Pnlemedir
1011 2775 1138 2834 necem,
1166 2774 1226 2841 per

177 2860 312 2920 noctem
326 2857 396 2939 igni
408 2856 498 2922 eluto
511 2855 555 2920 ed
568 2875 610 2922 ee
630 2857 706 2923 loce
719 2855 906 2934 deflectere,
920 2864 1078 2942 tunquam
1091 2856 1136 2924 ed
1149 2874 1227 2942 por·

177 2955 444 3040 tumcoegcret?
797 3015 806 3030 ‚

173 3074 396 3153 lineretur,
420 3072 572 3160 Neptuni
594 3077 630 3137 et
642 3072 847 3158 Amymones
867 3074 970 3154 illiue,
990 3094 1052 3141 rex
1075 3073 1225 3150 Euboe,

132 3182 235 3259 peter
248 3174 451 3239 Pelemedie.
496 3173 612 3252 Hunc,
626 3172 762 3258 Ulyeeie
781 3183 865 3253 erte,
882 3172 1015 3259 judicio
1036 3173 1153 3254 iniquo
1166 3171 1229 3235 eir·

133 3280 361 3352 cumreutum,
374 3274 547 3358 lepidibue
560 3277 739 3340 obruerent
750 3275 873 3341 Greci.
896 3269 1227 3350 Puteumoirceuuae

133 3377 235 3440 necis
258 3375 390 3452 eudes,
414 3374 584 3442 Graeoiem
605 3377 795 3442 uuirereem
816 3379 1022 3458 peregmtm,
1039 3382 1228 3454 urumque

134 3474 340 3558 principum,
353 3476 412 3557 qui
426 3474 617 3560 edTroJem
631 3475 830 3550 militabant,
845 3472 880 3535 in
888 3471 1049 3555 juvenum
1063 3468 1227 3537 edultetie

131 3573 283 3659 pellicit,
302 3573 443 3640 futurum
469 3594 621 3660 epereus,
644 3580 682 3641 ut
701 3570 921 3638 atrocissimis
945 3572 989 3639 ob
1010 3571 1227 3657 hmcjmgiir

130 3678 221 3740 iuter
234 3693 299 3740 eos
313 3677 447 3754 exortis,
457 3695 576 3742 necem
590 3673 782 3741 Pelemedie
803 3673 896 3740 eorde
911 3681 1027 3740 mutue
1040 3673 1226 3757 expiarent.

132 3775 313 3853 Praeteree,
336 3775 480 3856 Grecis,
500 3797 619 3843 everen
634 3777 707 3862 jem
722 3776 837 3861 Troja,
848 3775 1071 3841 ‘redeuufibue
1092 3792 1132 3840 uc
1145 3776 1226 3849 tem·

130 3882 272 3958 peetete
295 3876 587 3958 hbereutibue,e
616 3876 794 3960 Caphereo
825 3874 965 3940 Fuboeae
1001 3874 1227 3958 promontorio

131 3977 246 4058 iguem
263 3976 426 4055 extendit,
438 3978 648 4062 cleeeemque
659 3985 821 4063 tunquam
842 3974 886 4039 ed
906 3975 1082 4040 edumrem
1096 3980 1226 4057 portum

126 4076 394 4158 ednevig'nutem
416 4076 450 4141 in
466 4076 667 4146 Gboererlum
689 4076 888 4162 eeperrimoe
902 4076 1042 4160 pellexit
1055 4076 1226 4159 scopulos,

126 4196 391 4260 errumnoeoque
413 4179 591 4261 emtigerit
618 4178 803 4261 naufragio.
848 4175 895 4241 Ar
921 4177 1106 4259 iutelligeue
1133 4176 1226 4256 pul·
