3006 4906
295 395 361 461 330
668 406 831 457 ornaris
854 405 1014 457 rnnrcrr

296 554 417 617 iratres
431 549 625 627 ulciscatur,
640 550 781 615 insidias
794 549 918 616 Achilli
931 551 1046 627 iaciat,
1072 557 1107 614 et
1127 570 1208 616 enm
1230 572 1290 617 neo
1310 550 1364 634 opi

295 659 429 718 nantem
445 650 598 715 occidat:
621 654 779 734 qnoniam
803 652 846 716 ad
870 671 907 716 se
928 649 1069 727 miserit,
1095 658 1132 715 et
1158 653 1319 735 rogaverit
1339 654 1367 715 nt

298 753 363 818 sihi
378 751 552 835 Polyxena
567 754 599 817 in
612 753 824 817 matrimonio
841 752 986 829 daretur,
1006 771 1045 815 se
1060 751 1105 815 ad
1118 772 1196 817 enm
1209 754 1366 817 missuram

297 852 425 918 Priami
439 852 563 930 verbis,
578 867 616 917 ut
631 873 748 938 paoem
762 853 941 936 ioedusqne
955 853 1041 918 inter
1055 870 1094 916 se
1108 853 1246 932 firment,
1260 853 1368 918 consti·

96 962 98 969 “
232 947 237 957 ’
298 959 459 1038 tuantque
480 953 513 1016 in
538 955 617 1018 fano
639 954 807 1038 Apollinis
831 954 1038 1036 Thymbraei,
1061 963 1136 1018 ante
1159 962 1313 1036 portam:
1331 972 1367 1015 eo

299 1055 463 1121 Achillem
483 1061 670 1132 venturum,
694 1055 952 1120 collocuturum:
973 1055 1022 1118 ihi
1047 1053 1182 1117 insidias
1204 1052 1366 1118 collocari:

299 1157 384 1220 satis
413 1156 493 1220 vitre
518 1174 589 1219 sose
611 1174 685 1219 esse
712 1156 741 1219 si
767 1174 843 1219 euru
868 1155 1047 1219 occiderit:
1069 1154 1159 1237 quod
1183 1154 1364 1217 temerarius
1476 1208 1477 1219 ,

299 1256 490 1345 Alexander
502 1263 582 1332 erat,
598 1257 667 1320 cito
682 1275 718 1320 se
731 1255 884 1339 promisit
895 1254 1073 1320 lecturum.
1118 1253 1227 1318 Noctu
1245 1252 1363 1317 ducun·
1476 1332 1477 1337 ἵ

298 1365 353 1423 tur
365 1357 407 1422 de
421 1358 569 1421 exercitu
584 1356 766 1433 fortissimi,
780 1364 815 1419 et
828 1358 863 1419 in
878 1356 957 1419 feno
970 1355 1143 1438 Apollinis
1156 1355 1364 1419 collocantur}

298 1461 427 1540 signnm
451 1459 631 1541 accipiunt.
677 1458 821 1521 Hecuba
841 1456 883 1520 ad
906 1454 1085 1532 Achillem,
1112 1454 1232 1519 Priami
1256 1453 1366 1528 verbis,
1476 1440 1477 1443 ¹

298 1560 400 1623 sicuti
414 1559 621 1629 condixerat,
635 1559 782 1622 nuntium
803 1557 917 1622 mittit
959 1556 1117 1622 Achilles
1128 1557 1231 1630 laetus,
1247 1553 1365 1636 Polyx-

298 1678 395 1723 enam
415 1677 540 1736 amans,
554 1664 689 1742 postera
702 1658 757 1723 die
773 1658 817 1722 ad
831 1657 945 1722 fanum
959 1677 996 1722 se
1010 1663 1180 1723 venturum
1195 1654 1365 1720 consfitnit.

299 1758 344 1823 Et
356 1760 545 1842 insequenti
560 1759 615 1824 die
631 1778 708 1824 cnm
722 1757 905 1824 Antilocho
920 1758 988 1823 tilio
1010 1757 1168 1823 Nestoris
1188 1754 1229 1820 ad
1249 1753 1363 1819 consti·

300 1867 404 1924 tutnm
420 1862 521 1935 venit,
534 1860 703 1943 simulque
716 1864 754 1924 nt
767 1859 914 1924 introivit
925 1860 959 1923 in
973 1858 1100 1935 fanum,
1122 1876 1167 1922 ex
1188 1855 1368 1921 insidiisoc·

299 1967 440 2028 currunt.
484 1961 642 2045 Undique
663 1952 731 2025 tela
746 1961 975 2043 conjiciunt:p
996 1979 1056 2025 eos
1076 1957 1173 2023 Paris
1187 1955 1370 2022 Alexander

298 2064 461 2129 hortatur·
510 2063 661 2128 Achilles
687 2082 763 2126 cunr
785 2060 981 2139 Antilocho,
1005 2059 1143 2125 brachio
1168 2058 1300 2123 sinhtm
1322 2075 1372 2120 oo·

298 2172 426 2247 operto,
441 2165 559 2229 dextro
571 2183 681 2228 ensem
696 2172 826 2240 tenens,
840 2163 923 2227 iacit
936 2164 1110 2246 impetum.
1142 2158 1288 2226 Achilles
1300 2156 1373 2221 mul·

299 2273 352 2333 tos
376 2267 513 2332 occidit.
557 2265 749 2331 Alexander
769 2262 983 2328 Antilochum
1007 2269 1041 2328 et
1058 2261 1249 2326 Achillemq
1272 2257 1374 2321 multis

298 2369 422 2452 plagis¹
438 2368 598 2433 confodit.
643 2368 697 2432 Ita
710 2364 859 2429 Achilles
872 2384 916 2428 ex
931 2362 1071 2440 insidiis,
1093 2362 1306 2446 nequicqum
1317 2359 1376 2424 ior·

299 2469 377 2532 titer
398 2467 534 2546 faciens,
554 2470 697 2531 animam
722 2466 850 2532 amisit:
872 2484 971 2549 quem
993 2464 1190 2529 Alexander
1210 2461 1326 2528 suieni
1346 2465 1376 2523 et

220 2614 223 2619 -
298 2568 490 2633 volucribus
506 2569 624 2653 projici
635 2569 744 2653 jubet.
788 2568 830 2632 ld
845 2588 886 2632 ne
899 2568 995 2632 fieret
1010 2566 1162 2632 Helenus
1175 2565 1284 2629 multa
1294 2581 1377 2627 com·

298 2688 489 2735 memorans
504 2672 667 2755 prohibet,
682 2677 715 2736 et
730 2688 790 2734 eos
805 2671 848 2734 de
861 2670 939 2736 sano
953 2669 1030 2752 ejici
1040 2668 1151 2751 jubet,
1162 2676 1199 2732 et
1209 2665 1278 2731 suis
1288 2664 1374 2729 tradi.

299 2769 462 2834 Achillem
478 2780 512 2835 et
529 2770 746 2836 Antilochum
773 2771 809 2835 in
831 2777 942 2836 castra
956 2770 1108 2835 afferunt.
1155 2768 1374 2851 Agamemnon

298 2870 467 2936 Achillem
483 2871 659 2955 magnifico
672 2871 787 2936 iuuere
802 2872 898 2936 effert
908 2891 917 2935 t
929 2878 963 2936 et
977 2877 1012 2934 nt
1022 2869 1215 2953 sepulcrum
1226 2867 1255 2930 ei
1264 2865 1373 2938 faciat,

255 3026 262 3035 .
299 2992 321 3037 a
349 2974 481 3038 Priamo
510 2974 680 3039 inducias
697 2975 793 3058 petit,
828 2974 943 3058 ibique
979 2970 1080 3035 ludos
1109 2969 1258 3034 funebres
1283 2962 1375 3029 iacit.

299 3073 382 3157 [dh]
419 3076 551 3141 Deinde
580 3075 761 3140 concilium
790 3079 976 3139 convocat:
1012 3070 1161 3154 Argivos
1187 3066 1376 3152 alloquitur;

298 3176 410 3259 placet
424 3179 579 3241 omnihus
592 3183 630 3241 nt
645 3176 723 3259 qnid
744 3176 902 3241 iaciendo
918 3194 1006 3258 opus
1029 3173 1074 3237 sit
1088 3173 1147 3235 Dii
1164 3170 1380 3236 consulantur.

300 3275 438 3343 Mittunt
452 3280 605 3344 continuo
620 3280 678 3361 qui
692 3280 865 3343 consulere
880 3278 1041 3341 debeant:
1056 3274 1116 3358 qui
1127 3287 1383 3356 responsumac·

299 3377 451 3459 cipiunt·
472 3399 530 3462 per
543 3377 689 3444 Achillis
703 3380 892 3463 progeniem
916 3377 1013 3463 finem
1038 3375 1160 3457 negotii
1175 3374 1257 3437 lieri.
1301 3369 1384 3434 Cum

299 3476 374 3542 haec
388 3480 495 3542 nuntii
516 3480 720 3557 retulissent,
735 3478 828 3565 Ajax
843 3480 912 3544 ait:
935 3496 1012 3543 cnm
1026 3475 1151 3541 Achilli
1165 3474 1253 3537 filius
1269 3471 1385 3552 Neop-

298 3575 440 3640 tolemus
460 3581 616 3660 supersit,
646 3601 722 3647 eum
747 3588 901 3664 oportere
926 3578 1082 3645 accersiri
1108 3576 1153 3641 ad
1183 3572 1384 3646 exordium,

331 3857 344 3890 Ρ
358 3851 467 3917 Undique
477 3853 524 3902 teta
532 3851 671 3916 mediaest]
681 3853 767 3905 Aliter
775 3856 824 3906 hoc
863 3855 961 3905 minato
972 3854 1027 3904 ictu
1038 3851 1164 3902 Achillem
1173 3843 1335 3897 maiatum.

299 3933 387 3976 narrat
399 3928 502 3992 Dictys,
513 3944 589 3995 quern
599 3930 657 3979 side
668 3944 706 3980 rr.
719 3935 760 3979 ll.
895 3938 906 3964 ⁸
924 3919 1261 3992 Qsiraespsmmipinr]
1272 3918 1393 3972 Altini.

330 4008 342 4042 ⁴
358 4002 677 4073 disterminantes]
687 4006 824 4058 SrdAnti·
863 4006 937 4062 hunt,
948 4005 1079 4055 Helenum
1092 4001 1205 4052 sdlxim
1215 3999 1322 4049 Gmls
1333 3997 1391 4059 iere,

299 4078 399 4128 lechum
411 4082 574 4133 ahiemuone
585 4085 698 4134 occisum
708 4091 822 4146 narrant,
863 4092 891 4133 ιιι
909 4098 956 4147 per
970 4081 1175 4145 Neoptolemum
1189 4076 1277 4141 Trejs
1292 4084 1390 4139 espess-

300 4153 408 4205 Homer.
424 4155 528 4218 Dictys,
538 4159 618 4208 etalii
629 4174 725 4211 omues.
860 4167 912 4211 tnr.
946 4158 1068 4221 sophocl.
1080 4154 1267 4206 inPhlloctet.
1282 4152 1390 4207 m,

332 4238 342 4265 ¹
357 4229 553 4294 Multisplsgisl
562 4231 654 4297 Dictys
669 4235 760 4287 scribit
775 4249 823 4300 ge«
860 4222 885 4284 tir
899 4232 1024 4298 Lycophr.
