3034 4928
299 399 342 463 20
481 414 559 462 111.
583 410 810 461 1111111111
834 406 1204 460 111111111111111.

299 573 370 633 nos,
387 534 602 637 Bongnrsios,
624 553 808 631 Boecleros,
822 550 1013 630 Reinesios,
1032 558 1065 616 et
1085 553 1198 636 plures
1213 550 1249 616 id
1272 572 1388 636 genus,

300 656 357 737 qui
371 656 451 719 nihil
465 656 599 739 publice
614 653 823 735 profuturum
845 654 1066 735 negligebant,
1078 654 1152 718 sive
1174 673 1219 717 ex
1239 657 1388 719 vetustis

298 756 335 818 id
351 748 569 833 Auctoribus,
585 775 670 838 quos
679 754 861 836 diligenter
879 754 1036 836 legebant
1049 756 1128 838 ipsi,
1143 762 1176 820 et
1186 756 1262 821 aliis
1276 759 1388 840 magis

299 857 498 938 explanatos
518 856 653 931 dabant,
675 854 902 938 repetendum,
915 857 987 920 sive
1010 875 1055 920 ex
1078 876 1187 921 rerum
1206 864 1328 921 natura
1354 863 1390 921 11

299 976 363 1019 111
380 956 571 1039 quotidiano
586 975 674 1021 nuuc
690 954 822 1020 demum
838 955 1019 1020 eruendum
1040 959 1135 1021 soret.
1179 956 1229 1021 At
1250 977 1272 1021 o
1286 977 1389 1041 quum

301 1056 451 1139 dispares
469 1058 526 1120 illa
539 1076 623 1120 nunc
647 1057 775 1138 passim
798 1076 861 1120 seu
886 1056 1052 1121 Dominus
1065 1058 1165 1122 babet
1179 1077 1239 1122 seu
1253 1058 1389 1141 inquili-

299 1174 361 1218 nos
371 1158 378 1219 !
390 1158 448 1239 qui
463 1158 505 1220 ab
514 1154 733 1239 Antiquitatis
747 1156 881 1233 studiis,
896 1175 956 1239 per
966 1176 1043 1239 quae
1055 1158 1141 1234 sola,
1156 1159 1389 1241 superioribus

300 1257 436 1320 saeculis
458 1257 576 1321 iterum
591 1262 719 1332 exorta,
735 1257 951 1320 certissimum
967 1264 1019 1321 est
1041 1276 1083 1320 ex
1100 1258 1242 1340 caligine
1257 1257 1390 1322 densis·

302 1356 388 1418 sima
413 1374 527 1418 omues
549 1355 650 1418 etium
680 1373 795 1418 sacras
817 1356 1038 1438 profanasque
1067 1356 1263 1440 disciplinas
1284 1377 1391 1421 emer·

300 1455 385 1518 sisse
399 1457 553 1520 continuo
566 1456 600 1518 in
616 1455 859 1519 serenissimam
873 1456 995 1534 lucem,
1011 1465 1286 1522 revocauttameu
1299 1456 1389 1521 Aca·

300 1552 465 1618 domicum
481 1555 604 1637 pubem
630 1556 673 1617 ad
698 1575 795 1619 unnm
816 1556 898 1620 illud
920 1564 954 1620 et
968 1558 1230 1621 recentissimum
1247 1557 1392 1623 Germa·

300 1654 365 1717 niae
375 1654 431 1737 jus
444 1654 628 1736 publicum,
641 1655 706 1719 boc
721 1660 773 1720 est
787 1656 832 1720 ad
859 1676 985 1721 meram
1004 1658 1209 1733 Barbariem,
1224 1658 1253 1720 si
1276 1659 1388 1721 solum

300 1749 496 1818 Academiis
511 1755 656 1832 incubet,
669 1774 730 1819 uec
751 1756 837 1819 scire
852 1757 1031 1839 quicquam
1052 1755 1235 1841 1111111111
1261 1776 1342 1833 snas
1357 1763 1392 1821 et

301 1854 354 1915 sui
370 1856 531 1938 temporis
554 1874 607 1919 res
622 1854 798 1933 desideret,
815 1856 905 1937 quod
929 1856 1103 1920 Barbariei
1126 1857 1297 1940 proprium
1322 1866 1390 1936 est,

300 1965 336 2023 et
352 1977 483 2038 semper
506 1955 578 2020 suit.
623 1957 801 2037 Ceteroqui
822 1956 1015 2038 neutiquam
1043 1964 1130 2021 certe
1152 1976 1215 2039 ego
1229 1957 1343 2035 velim,
1360 1959 1392 2022 si

301 2061 367 2122 mei
389 2078 442 2120 res
466 2058 556 2121 esset
577 2056 717 2132 arbitrii,
743 2054 972 2119 adolescentes
995 2056 1078 2119 nihil
1103 2074 1227 2131 eornm,
1252 2075 1331 2138 qnae
1355 2058 1391 2121 in

300 2178 363 2222 usu
378 2176 463 2221 nuuc
478 2157 649 2233 habentur,
671 2174 880 2236 cognoscere,
895 2161 1025 2220 111111
1043 2157 1076 2218 11
1090 2158 1200 2239 patria
1214 2176 1289 2220 esse
1311 2157 1392 2221 bos·

299 2262 400 2343 pites,
413 2278 454 2323 an
468 2257 616 2341 publicae
637 2257 685 2319 rei
704 2254 811 2332 rudes,
834 2255 894 2319 sed
916 2263 1091 2339 utromque
1113 2277 1220 2339 agere,
1235 2257 1392 2322 laborum

299 2361 408 2423 lacere
424 2358 560 2441 gradum,
570 2356 664 2421 aliud
679 2359 713 2419 iu
728 2355 923 2420 Academiis
937 2359 1286 2440 curarepotissimum,
1297 2357 1392 2421 aliud

301 2459 357 2520 ubi
364 2458 435 2540 jam
449 2457 492 2518 iis
507 2455 630 2519 relictis
646 2454 689 2516 ad
711 2471 762 2516 res
780 2452 942 2532 gerendas
957 2456 1128 2519 accedunt.
1172 2455 1244 2520 Hic
1266 2474 1334 2520 non
1349 2476 1391 2520 eu

300 2555 434 2638 quidem
449 2555 568 2619 nostris
582 2555 616 2617 iu
631 2553 742 2617 fundis
758 2555 912 2617 atrociter
924 2554 1008 2618 adeo
1022 2561 1190 2637 grassatur
1205 2557 1390 2632 calamitas,

300 2656 357 2719 sed
373 2655 478 2719 nihilo
492 2663 599 2720 tamen
614 2656 724 2717 minus
738 2654 907 2735 pestilenti
923 2655 1029 2719 sidere
1044 2657 1164 2737 partim
1180 2656 1293 2719 mollis
1307 2657 1390 2721 edu·

301 2756 403 2833 catio,
418 2761 452 2819 et
463 2756 574 2837 segnis
587 2756 729 2830 luxuria,
740 2756 861 2837 partim
880 2757 967 2819 acris
985 2755 1099 2832 factio,
1110 2775 1186 2838 qnae
1201 2758 1314 2820 omnia
1328 2757 1390 2821 dn·

299 2864 356 2921 nat
368 2856 486 2920 studiis
500 2857 654 2940 partium,
669 2863 705 2919 at
720 2856 895 2934 doctrinae,
917 2856 1099 2932 industriae,
1127 2857 1249 2937 ingenii
1264 2857 1390 2920 meritis

299 2955 479 3020 nihilfecit
499 2957 629 3039 reliqui,
645 2955 773 3021 afflavit
786 2958 892 3021 bonas
907 2962 1005 3035 artes,
1021 2964 1057 3020 et
1069 2957 1234 3038 extinguit
1251 2957 1390 3040 penitus

301 3055 434 3136 ingenia
449 3055 622 3138 juvenum,
636 3057 692 3138 qni
709 3058 751 3120 ad
766 3058 811 3119 rei
827 3057 971 3138 publicee
988 3074 1102 3120 curam
1117 3056 1284 3121 1111111111
1305 3063 1389 3120 1111-

301 3159 346 3220 111
361 3155 464 3220 decus
478 3175 610 3237 surgam
625 3174 666 3219 ac
688 3156 807 3220 instrui
825 3154 1003 3219 debebunt.
1047 3155 1115 3219 Sed
1142 3163 1268 3239 quanto
1280 3158 1389 3238 magis

300 3258 411 3323 omnia
425 3275 513 3320 nunc
529 3262 614 3320 retro
630 3260 736 3326 munt,
756 3254 999 3337 quantomagis
1013 3256 1138 3320 exilem
1151 3256 1331 3339 redigimur
1352 3258 1388 3319 11

301 3377 482 3434 numerum,
510 3363 606 3422 tauto
629 3356 765 3438 astringi
788 3357 927 3431 arctius,
955 3356 1174 3439 sanctiusque
1197 3355 1265 3420 coli
1289 3355 1390 3420 decet

299 3457 574 3520 necessitudinem
588 3457 693 3534 illum,
709 3475 786 3537 quae
802 3453 907 3518 semel
930 3456 1013 3518 inter
1033 3474 1162 3537 pancos
1177 3457 1252 3520 illos
1267 3474 1388 3519 eorun-

301 3556 378 3617 dem
400 3572 569 3617 secrorum
584 3555 752 3617 1111111111
774 3560 827 3618 111
852 3553 1047 3617 constituta.
1090 3553 1176 3619 Tuae
1199 3556 1234 3618 in
1255 3573 1390 3618 me’vo·

301 3654 446 3727 luntatis,
461 3654 632 3734 mutuique
656 3654 741 3714 inter
768 3671 827 3715 uos
852 3653 974 3716 amoris
1001 3661 1246 3718 monumentum
1272 3661 1390 3718 extare

301 3753 473 3836 publicent
488 3751 624 3815 voluisti
640 3750 738 3831 prior.
784 3748 899 3812 Meum
922 3757 972 3814 est
987 3759 1082 3816 tanto
1104 3754 1292 3817 studiosius
1313 3754 1391 3817 istis

302 3853 459 3917 amicitiae
486 3850 606 3915 officiis
625 3847 833 3933 respondere,
859 3855 892 3912 et
917 3869 993 3914 cum
1016 3852 1163 3915 maxime
1186 3870 1311 3928 curare,
1334 3871 1391 3930 ne,

301 3955 437 4018 sublato
460 3971 563 4034 nuper
578 3972 597 4015 e
613 3952 700 4014 vivis
715 3968 843 4013 summo
859 3950 906 4011 rei
921 3950 1080 4014 literariee
1093 3949 1196 4027 mulo,
1207 3949 1292 4014 Viro
1305 3950 1391 4014 Am-

301 4054 465 4137 plissimo,
489 4051 587 4115 Fred.
614 4052 738 4115 Bened.
766 4050 963 4132 Cnrpzorio,
987 4053 1161 4135 praecipuo
1185 4051 1392 4116 commercii

302 4155 407 4219 nostri
417 4153 639 4218 Conciliatore
648 4158 681 4216 et
694 4151 887 4234 Interprete,
903 4150 993 4215 illins
1007 4169 1088 4214 usus
1101 4169 1189 4215 nunc
1203 4150 1393 4229 exolescat,
