2992 4910
391 421 441 469 ns
466 418 586 467 nesso
609 420 781 470 nnornno
807 422 878 472 mn.
903 426 936 473 v.
1146 414 1209 492 orl

109 565 222 633 simui
248 565 403 647 gemitum
432 562 545 637 edmt,
572 561 746 629 tendentes
772 565 817 629 ed
846 566 968 632 coelom
996 588 1126 651 monos,
1152 592 1211 639 nn·

114 667 266 747 nuere3³
288 672 338 731 tot
350 664 506 730 adversis
525 664 625 728 rebus
647 663 842 730 Prinmnmn
864 667 983 752 singoli
996 672 1051 737 vel
1073 676 1159 741 inter
1172 695 1210 742 se

117 788 235 834 omnes
245 767 342 833 tinem
356 766 562 831 miseriarum
577 765 804 850 deprecantes.
848 768 903 833 Ad
924 779 1124 853 postremum
1145 796 1211 844 nno

121 890 183 935 ore
204 872 340 954 petriam
369 867 599 933 redimendam
621 869 778 933 clament.
822 870 863 934 In
885 874 963 956 quis
985 874 1139 943 Prinmns
1163 880 1211 944 di·

120 970 252 1034 lanians
274 976 378 1054 ceput
398 970 481 1034 fletu
498 987 600 1052 qoem
623 969 821 1047 miserabili,
850 988 916 1036 non
940 974 1050 1038 solum
1071 977 1142 1061 jam
1165 998 1212 1057 se,

122 1073 183 1149 eit,
198 1071 353 1137 hostibus
376 1072 485 1150 odio,⁴
505 1090 620 1135 verum
644 1072 715 1135 snis
734 1073 869 1138 bostem
888 1073 1065 1142 effectum:
1088 1080 1214 1163 qnippe

119 1175 255 1238 coinon
270 1176 403 1240 amiens
417 1178 541 1250 noten,⁰
561 1191 630 1237 non
651 1174 868 1258 propinquos,
887 1195 954 1240 non
977 1177 1119 1263 deniqne
1131 1182 1215 1245 civis

118 1276 264 1341 inveniri
285 1282 412 1359 posset,
428 1275 487 1358 qni
506 1274 664 1340 erumnis
684 1276 754 1338 suis
775 1277 1016 1359 ingemisceret.
1060 1280 1215 1366 Namque

123 1384 265 1459 optasse
273 1379 349 1443 brec
359 1396 424 1441 non
434 1395 519 1440 nnnc
530 1375 673 1455 demum,
684 1396 801 1442 verum
811 1378 899 1443 vivis
909 1378 1103 1446 Alexandro
1113 1386 1215 1466 nique

126 1477 275 1542 Hectore
289 1479 343 1562 egi
359 1484 483 1561 coepta.
526 1478 595 1542 Sed
613 1481 768 1561 quoniam
783 1483 949 1563 praeterite
962 1500 1118 1548 revocare
1132 1482 1215 1549 nulli

122 1597 321 1645 concessum
336 1588 400 1658 est,
415 1581 626 1665 presentium
641 1580 840 1655 habendam,
857 1582 1039 1667 futurisque
1054 1584 1216 1651 adhiben-

123 1680 202 1745 dam
226 1682 415 1747 rationems
460 1681 506 1745 Se
530 1699 673 1763 nomque
696 1682 933 1765 omniumque
952 1684 1091 1749 baberet
1110 1685 1218 1751 edre·

123 1781 324 1847 demtionem
354 1784 472 1867 pntriae
491 1789 695 1865 potestatem
718 1783 818 1847 dore:
851 1802 951 1866 qnam
968 1804 1036 1848 rem
1057 1785 1218 1853 Antenori

126 1883 292 1965 egendum
314 1884 511 1967 permittere.
554 1882 710 1948 Ceterum
724 1901 760 1946 se
783 1884 943 1964 quoniam
961 1882 1040 1948 odio
1058 1884 1132 1968 jem
1146 1889 1218 1953 suis

126 1990 226 2062 esset,
237 1985 329 2051 abire
344 2004 365 2049 o
380 1993 574 2068 conspectu,
589 1985 842 2049 consentientem
853 1984 908 2049 bis
922 2003 998 2068 qnae
1012 1985 1099 2049 inter
1113 2004 1151 2049 se
1161 1986 1220 2050 de·

130 2091 309 2150 cernerent
351 2086 410 2168 [4.]
429 2086 517 2151 Tum
533 2094 690 2169 separato
706 2105 792 2169 rege,
808 2087 918 2169 placet
937 2088 990 2150 nti
1012 2087 1161 2152 Antenor
1176 2091 1219 2154 nd

128 2186 274 2253 Graecos
287 2186 411 2265 redeat,
429 2188 639 2270 exploratum
653 2187 856 2252 voluntatem
871 2194 1010 2266 eertnm,
1026 2187 1221 2273 adjunctus·

126 2308 190 2372 qne
204 2289 250 2366 ei,
265 2289 315 2353 nti
330 2289 493 2366 volueret,
508 2288 655 2368 AEnens3
682 2290 730 2352 ite
751 2290 941 2372 composite
962 2308 1009 2361 re,
1023 2289 1221 2357 disceditur.

128 2386 198 2452 Sed
212 2390 324 2455 modia
338 2391 441 2455 ferme
463 2398 571 2467 nocte,
589 2390 721 2454 Helena
740 2389 826 2454 clem
843 2390 887 2454 od
901 2387 1105 2456 Antenorem
1119 2394 1222 2472 venit,

128 2490 305 2573 suspicans
319 2493 405 2557 trsdi
421 2512 458 2555 se
474 2492 653 2567 Menelao?
666 2497 699 2554 et
714 2492 758 2555 ob
774 2490 809 2555 id
823 2491 907 2555 irem
919 2492 1085 2559 derelictae
1100 2494 1221 2558 domus

126 2598 299 2657 metuens:
321 2595 436 2676 itaquo
451 2612 527 2656 enni
541 2600 627 2669 oret,
642 2592 688 2655 nti
699 2593 785 2656 inter
798 2600 910 2656 cetero
925 2593 978 2657 sni
989 2613 1121 2677 qnoque
1130 2594 1222 2678 apud

125 2689 273 2759 Graecos
289 2695 631 2759 commemorationem
646 2692 778 2772 iaceret,
793 2713 833 2760 ec
849 2713 911 2778 pro
927 2713 965 2758 se
980 2694 1221 2779 deprecaretur.

587 2889 766 2913 euctemon

123 3021 184 3078 gnis
196 3027 260 3071 ente
271 3026 309 3070 tot
316 3036 327 3078 ,⁰
341 3022 459 3070 correxit
471 3021 599 3073 Obrecht.
610 3036 643 3071 ex
656 3021 729 3073 Med.
741 3022 856 3074 cod-⁴
872 3023 970 3087 Delpb.
980 3028 1009 3071 et
1021 2978 1091 3086 mlta·
1102 3020 1155 3070 edio
1166 3021 1222 3082 diis,

123 3087 224 3135 omissa
235 3099 302 3135 roes
318 3085 646 3147 cinnomannorum
656 3088 816 3139 orion-s
835 3088 932 3151 Deipb.
948 3085 1003 3136 tab.
1020 3085 1107 3143 ΝΜ.
1124 3099 1149 3146 q.
1166 3099 1223 3132 n.-

626 3243 732 3295 NOTAE

163 3365 178 3389 ¹¹
197 3357 326 3413 Anum
345 3356 495 3406 totsdrerris
510 3355 577 3406 rebus
588 3356 662 3406 Prin-
701 3354 812 3403 sensisse
825 3352 1038 3409 ridsbstnr,cnm
1047 3348 1175 3400 Helensrn
1187 3364 1225 3400 re·

125 3432 211 3496 mss]
235 3430 368 3480 Hieiorns
383 3432 574 3483 diometorrit.
607 3430 661 3481 Sed
701 3429 898 3493 tinuisset,qnae
908 3425 1057 3488 meliorigo.
1093 3423 1226 3474 Possists·

125 3507 240 3558 tandem
253 3520 342 3557 rernm
353 3507 408 3569 ejus
422 3522 523 3557 sensnm
535 3506 662 3557 invenisse
702 3518 760 3555 rnen
782 3510 810 3553 st
832 3504 909 3552 siiter
930 3500 1084 3567 intelligere.
1117 3499 1228 3552 ‘conen

123 3600 172 3636 nie
185 3590 262 3648 pnto,
275 3582 320 3647 qni
332 3582 454 3634 tsiisest:
466 3582 577 3633 ‘Cuncti
588 3583 662 3632 simoi
703 3577 840 3627 tendentes
850 3576 883 3626 sd
894 3576 986 3627 solnm
996 3589 1093 3632 menos,
1104 3575 1226 3639 gemitum

122 3661 258 3725 gemitum
271 3658 364 3717 ednnt,
373 3658 465 3723 singoli
475 3660 515 3709 rei
527 3672 614 3709 omnes
624 3658 663 3707 in·
702 3653 793 3714 edunt,
801 3660 841 3704 tot
849 3651 1045 3703 sdverrisrebns
1053 3651 1166 3701 abnuere
1172 3650 1229 3701 Pri-

121 3746 169 3786 ter
181 3749 213 3785 se
224 3734 399 3800 deprecantes
407 3735 538 3785 Prismnrn
550 3735 664 3785 abnuere
703 3728 806 3779 eninm!
838 3728 869 3778 ld
888 3727 1017 3793 estquod
1036 3727 1152 3777 Prionos
1169 3734 1228 3791 post

123 3816 170 3859 tot
182 3809 263 3858 rebus
273 3808 404 3869 adversis,
415 3815 442 3858 et
457 3809 626 3873 deprecantes
635 3809 664 3858 ii-
703 3813 742 3856 tot
755 3819 796 3856 res
811 3805 943 3866 adversos,
957 3819 1007 3856 non
1025 3804 1185 3855 consentiret
1196 3804 1228 3853 iis

125 3900 194 3936 nern
202 3885 380 3936 mberisrnns!
394 3886 453 3936 Vox
465 3884 666 3951 ‘deprecantes'
704 3896 761 3947 qne
772 3881 929 3932 dicerentur.
945 3880 996 3929 Sed
1008 3879 1079 3943 prior
1089 3878 1229 3944 explicatio

124 3960 238 4010 dnobus
255 3961 405 4024 predicatio
421 3961 544 4022 inservit3
568 3960 602 4011 de
613 3974 664 4025 quo
705 3961 801 4026 potior,
811 3965 841 4008 nt
852 3972 884 4008 ex
896 3956 1063 4021 sequentibus
1072 3956 1164 4022 liquet.

116 4039 185 4105 jsrn
199 4034 263 4085 stibi
273 4036 379 4087 dietum.
412 4035 567 4087 ‘Abnnsre'
578 4044 664 4087 sutem
735 4042 748 4067 ⁰
762 4035 860 4085 Aniene
869 4030 951 4097 osten]
967 4032 989 4084 1.
1001 4030 1023 4081 is
1035 4031 1077 4098 qni
1089 4036 1231 4083 emerent

116 4120 129 4147 ⁶
139 4112 234 4163 rebus
245 4110 372 4163 adsersis'
382 4111 452 4162 dixit
460 4126 507 4177 pro
515 4113 553 4162 eis'
562 4122 666 4175 respon·
705 4108 812 4159 enricus.

115 4200 243 4251 ssre,se
260 4186 465 4254 eis'opponerer
490 4188 550 4253 quis
567 4185 667 4236 scilicet
737 4182 843 4235 'hodi
858 4198 883 4233 ss
896 4180 1014 4247 Menelao]
1040 4182 1071 4233 Id
1089 4189 1139 4240 est,
1153 4177 1231 4231 tradi·

111 4269 254 4320 Priamus
265 4263 296 4314 iis
307 4279 391 4327 usqne
402 4264 434 4312 sd
447 4264 519 4314 iiinrn
529 4262 597 4313 diem
609 4276 668 4312 con·
709 4269 763 4312 tnrn
775 4260 816 4310 iri.

190 4343 322 4408 Πάριαι
335 4344 396 4394 Vos.
409 4345 474 4393 Cirr.
623 4341 691 4392 Diei.
705 4342 771 4390 Cret.
1143 4332 1174 4421 (ὖΙ
