3034 4928
390 430 440 479 nn
463 378 650 479 nrsrosrs'
665 430 772 478 annm
797 428 973 480 unorum.
1178 416 1220 480 tl

126 574 239 650 volui,
254 571 330 656 quia
344 573 380 635 in
401 573 495 636 hisce
509 562 660 636 wnslstit
674 569 708 632 τὸ
729 569 895 655 κρινόμενον,
911 579 944 636 et
966 566 1067 636 totius
1088 578 1221 638 contro·

130 674 251 737 versiae
265 671 381 736 nodus.
428 671 503 735 lllis
520 672 608 734 enim
632 671 812 754 expeditis,
827 690 878 735 res
891 673 969 754 ipsa
988 677 1038 737 tot
1061 672 1220 737 inanibus

132 773 329 855 conjecturis
342 773 508 856 implicita
528 777 561 834 et
580 772 771 848 obscurata,
786 773 820 834 in
842 772 1001 855 liquidam
1024 773 1158 855 emergit
1169 774 1221 838 lu·

132 892 218 949 cem,
233 879 269 936 et
289 879 382 954 patet
404 873 550 947 tandem,
572 871 614 934 de
634 870 759 953 Dictys
781 870 937 936 Cretensi
956 870 1037 954 quid
1058 874 1154 936 nobis
1176 874 1221 937 sit

131 973 359 1037 statuendum.
404 971 495 1036 Nam
530 971 645 1035 slhoc
672 978 816 1049 constat,
851 971 1048 1054 Septimium
1083 973 1221 1038 vertisse

129 1073 232 1136 hosce
244 1071 379 1135 libellos
403 1089 447 1135 ex
475 1071 533 1153 illo
555 1070 688 1154 Dictys,
713 1091 812 1155 quem
843 1070 957 1136 Graeci
981 1072 1165 1155 Scriptores
1187 1077 1221 1135 et

128 1172 332 1236 Scholiastae
355 1170 533 1235 identidem
559 1170 785 1247 laudantem
813 1171 953 1238 Graecos
972 1173 1077 1237 hosce
1098 1172 1221 1236 nullum

129 1274 235 1337 aliurn
248 1272 419 1348 hahuisse,
431 1273 576 1348 novisse,
587 1271 793 1354 designasse,
809 1272 946 1355 Dictyn,
961 1293 1061 1356 quam
1071 1273 1157 1337 huuc
1171 1272 1221 1356 ip·

131 1391 221 1448 sum,
245 1391 342 1454 quem
367 1370 551 1455 Septimius
573 1392 724 1437 sermone
753 1373 876 1438 Latino
900 1375 1079 1456 expressit,
1102 1372 1222 1436 evadet

129 1477 213 1534 tnnc
226 1470 342 1536 diurna
365 1473 442 1535 luce
458 1472 580 1535 clarius
594 1479 630 1535 et
645 1472 781 1548 certius,
803 1473 924 1537 salsum
939 1476 1015 1554 ergo
1028 1492 1117 1548 esse,
1131 1471 1221 1554 quod

129 1569 244 1636 Groeci
268 1570 319 1634 illi
345 1570 548 1636 tradiderunt
571 1570 707 1649 diserte,
733 1572 889 1656 quodque
913 1573 991 1637 ideo
1014 1571 1221 1637 crediderunt

129 1676 231 1754 atque
253 1667 457 1733 affirmarunt
471 1669 620 1761 Vossius
634 1669 750 1748 Pater,
768 1671 841 1737 Iseo
857 1672 1012 1753 Allatins,
1026 1678 1058 1737 et
1072 1672 1220 1756 plerique
1257 1754 1261 1761 ἢ

128 1770 232 1835 hodie
246 1770 317 1843 alii,
333 1771 507 1853 scripsisse
528 1769 700 1835 historiam
722 1773 763 1836 de
785 1773 881 1837 llello
895 1774 1041 1857 Trojano
1062 1773 1221 1856 antiquis·

130 1871 254 1935 sinium
269 1870 434 1954 quendam
450 1870 590 1955 Dictyn,
605 1872 777 1938 Idomenei
793 1874 1003 1939 Cretensium
1025 1873 1147 1955 Reguli
1162 1891 1221 1937 co·

128 1973 256 2049 mitem,
271 1973 331 2055 qni
356 1973 430 2055 ipse
447 1972 539 2036 bello
554 1972 700 2054 Troiano
713 1974 905 2050 interfuerit,
920 1979 954 2039 et
966 1992 1019 2038 res
1033 1975 1076 2037 ab
1093 1991 1131 2036 se
1145 1972 1221 2053 ipso

130 2072 226 2135 visas
252 2073 424 2138 memoriae
448 2072 666 2138 mandaverit.
710 2073 843 2139 Nomen
873 2077 955 2160 ejus,
984 2092 1159 2157 persenam
1187 2073 1222 2136 in

128 2173 201 2236 ista
226 2173 451 2257 expeditione,
476 2179 624 2250 aetatem,
651 2179 684 2239 et
712 2176 927 2257 scriptionem
959 2175 1058 2239 finxit
1077 2174 1146 2249 llle,
1162 2172 1222 2255 qni

130 2272 291 2338 Graecam
303 2275 392 2339 hanc
412 2274 602 2339 Historiam
624 2284 773 2358 tempore
797 2275 943 2339 Neronis
964 2273 1167 2355 composuit,
1189 2276 1225 2333 et

131 2372 223 2435 unde
233 2374 331 2436 unice
344 2379 416 2438 tota
428 2375 500 2440 haec
506 2374 622 2440 fabula
636 2375 679 2439 de
694 2374 928 2459 antiquissimo
942 2373 999 2438 illo
1011 2372 1134 2454 Dictys
1143 2369 1223 2436 Gra·

131 2473 222 2536 tensi
238 2472 369 2537 videtur
389 2480 468 2539 orta.
511 2475 601 2541 Nam
622 2477 733 2541 nullus
748 2475 838 2540 alins
854 2493 993 2557 usquam
1014 2475 1220 2549 memoratur,

131 2573 195 2637 sed
218 2582 254 2637 et
271 2594 369 2639 nemo
390 2576 425 2639 in
440 2576 575 2641 Graecia
600 2578 723 2655 extiht,
748 2577 807 2660 qui
832 2582 910 2640 ante
934 2573 1116 2638 Homerum
1141 2571 1222 2656 quid

127 2674 316 2757 scripserit,
336 2683 369 2740 ct
390 2677 432 2740 de
444 2678 604 2761 Trojanis
618 2678 755 2761 quidem
776 2678 885 2753 rebus,
900 2683 935 2742 ut
957 2674 1041 2738 saus
1061 2673 1222 2755 probasse

128 2794 185 2838 me
199 2782 286 2857 puto
307 2795 353 2840 ex
371 2777 472 2841 variis
487 2776 694 2842 Auctoribus
713 2776 758 2840 ad
773 2778 944 2841 AElianum
959 2774 1044 2838 Var.
1060 2772 1151 2837 Hist
1168 2786 1223 2836 xi.

129 2874 164 2939 2.
200 2874 275 2938 Viri
297 2875 500 2954 doctissimi,
513 2878 572 2960 qui
598 2877 663 2943 hoc
685 2884 847 2961 tempore,
870 2877 956 2942 alius
979 2876 1083 2940 alium
1102 2874 1223 2950 secuti,

129 2976 230 3069 talem
255 2977 358 3040 nobis
383 2977 507 3059 Dictyu
530 2984 673 3056 narrant,
688 2977 854 3043 credidere
876 2978 978 3041 alium
1003 2974 1110 3039 fnisse
1125 2972 1223 3038 Grue-

129 3097 247 3142 corum
264 3078 404 3160 Dictyn,
430 3086 533 3161 atque
556 3079 644 3143 hunc
672 3080 776 3144 nostri
806 3078 971 3161 Septimii.
1016 3074 1119 3154 Quod
1147 3092 1224 3137 cnm

129 3178 265 3262 liquido
279 3180 315 3242 in
335 3180 559 3261 superioribus
571 3181 793 3258 refutaverim,
807 3198 871 3244 nec
887 3179 1064 3261 qnisquam
1080 3175 1167 3238 alius
1181 3174 1224 3235 ab

130 3280 195 3343 illo
211 3278 408 3344 Graecorum
421 3287 457 3344 et
470 3283 572 3345 nostri
593 3281 750 3363 Septimii
777 3280 900 3362 Dictye
914 3272 1062 3339 extiterit
1077 3271 1226 3351 Scriptor

132 3381 228 3443 illius
247 3381 403 3457 nominis,
426 3388 577 3463 superest
597 3381 682 3446 nihil
706 3380 814 3456 aliud,
836 3377 898 3441 nisi
921 3391 1023 3438 unum
1046 3369 1122 3445 hoe,
1137 3368 1226 3452 quod

134 3487 252 3544 tamen
269 3478 393 3543 nullius
413 3481 516 3545 terme
541 3483 667 3564 negotii
688 3489 754 3556 est,
767 3498 842 3544 cum
857 3479 917 3540 vix
932 3488 1120 3558 quenquam
1134 3470 1170 3533 in
1183 3490 1224 3536 eo

132 3577 312 3643 habiturus
325 3578 386 3642 sim
402 3580 631 3662 refragantem,
646 3589 684 3646 ut
698 3579 882 3653 ostendam,
897 3592 1001 3657 neque
1011 3572 1104 3637 illum
1123 3575 1225 3637 nostri

132 3680 283 3762 Dictyos
298 3688 478 3755 auctorem,
494 3683 551 3765 qui
575 3703 612 3747 se
632 3682 732 3747 finxit
753 3678 1020 3762 antiquissimum
1033 3673 1128 3738 illum
1144 3673 1226 3737 Dic·

131 3789 207 3864 tyn,
228 3781 453 3864 comitemque
483 3781 669 3859 Idomenei,
695 3782 801 3847 fuisse
835 3776 1042 3860 temporibus
1068 3772 1225 3856 Trojanis

132 3880 322 3963 mqualern:
345 3886 446 3964 atque
476 3880 564 3945 adeo
588 3881 708 3946 falsum
735 3899 809 3946 esse
839 3878 933 3943 illum
960 3882 995 3938 et
1023 3872 1226 3949 mendacem,

133 3980 323 4066 quandoid
336 4000 397 4064 per
411 3986 517 4045 totam
528 3980 701 4047 historiam
715 3980 846 4046 solicite
860 3976 948 4042 adeo
961 3972 1119 4039 inculcat.

174 4097 297 4146 xxm.
334 4079 491 4164 Arguunt
514 4081 638 4145 etenim
665 4082 758 4145 illum
786 4078 882 4143 multi
916 4094 1044 4141 errores
1065 4072 1225 4148 historici,

127 4185 257 4269 purtim
273 4184 320 4246 ah
335 4183 414 4266 ipso
427 4181 577 4265 proiecti,
603 4181 724 4263 purtim
739 4199 783 4246 ex
805 4176 926 4245 Poetis
945 4174 1095 4260 repetiti:
1121 4170 1226 4235 veluti
