3006 4906
311 386 377 454 824
682 372 846 447 nisurus
869 394 1032 446 sacrun

312 544 472 611 ditionem
486 539 679 608 Palamedis
692 545 814 606 narrat
858 538 916 604 Illi
929 538 1070 604 moleste
1083 540 1203 607 imunt.
1232 541 1383 625 Agamem

310 663 379 710 non
400 642 484 708 dicit
506 660 544 706 se
570 643 711 706 moleste
731 659 802 705 non
822 638 918 719 serre,
943 658 1009 704 sna
1022 640 1203 708 voluntate
1224 642 1259 707 id
1278 643 1383 706 factm

310 765 394 810 esse.
439 744 569 809 Interea
582 740 783 807 Palamedes
797 758 900 804 nares
913 742 1168 824 comparandas
1177 750 1282 819 curat,
1291 749 1385 807 rasos

310 847 426 922 munit,
434 845 577 909 turribus
592 842 787 909 circumdat.
810 842 947 925 Trojani
959 842 1147 908 exercitum
1157 851 1317 919 exercent,
1326 860 1384 906 mu·

311 965 385 1010 rum
399 945 575 1026 diligenter
592 943 788 1020 resarciunt,
811 941 934 1019 iosms,
956 949 992 1006 et
1006 942 1133 1008 vallum
1147 944 1317 1026 diligenter
1336 941 1385 1006 ad·

312 1046 405 1124 dunt,
419 1052 595 1130 ceteraque
610 1048 822 1128 componunt.
865 1043 947 1128 [22]
969 1042 1152 1126 Postquam
1164 1043 1235 1109 dies
1247 1044 1322 1108 anni
1333 1061 1384 1106 rs·

311 1148 363 1212 nit
375 1166 444 1230 qno
459 1147 588 1211 Hector
601 1146 754 1229 sepultus
766 1150 829 1222 est,
849 1143 1003 1208 Priamus
1018 1149 1055 1208 ct
1069 1145 1205 1210 Hecuba
1216 1152 1249 1208 ct
1262 1144 1382 1226 Polyx-

313 1268 386 1324 ena,
401 1249 567 1332 ceterique
590 1247 742 1330 Trojaui,
762 1245 807 1310 ad
828 1245 1020 1329 sepulcrum
1041 1245 1115 1328 ejus
1139 1245 1266 1330 proiecti
1284 1249 1380 1307 sunt.¹¹

314 1347 449 1427 Quibus
465 1350 586 1414 obrius
601 1348 638 1412 fit
650 1346 812 1421 Achilles,
826 1345 1034 1430 Polyxenam
1057 1347 1300 1431 contemplatur,
1319 1344 1383 1426 ogit

312 1450 469 1526 animum,
490 1467 602 1512 amare
616 1468 689 1513 eam
705 1448 911 1512 vehementer
932 1449 1050 1531 coepit.
1093 1447 1191 1513 Tunc
1204 1447 1311 1512 ardore
1328 1447 1385 1510 im·

312 1548 444 1631 pulsus,
458 1548 612 1613 odiosam
626 1549 727 1612 vitam
741 1548 777 1612 in
797 1567 911 1612 amore
919 1567 1125 1613 consumere
1138 1550 1246 1632 coepit,
1257 1554 1289 1611 et
1300 1564 1380 1628 segre

312 1648 436 1714 serebat
450 1648 619 1713 ademtnm
634 1649 809 1732 imperium
824 1648 1076 1732 Agamemnoni,
1098 1650 1225 1733 sibique
1237 1647 1381 1713 Palame-

269 1750 274 1763 ’
314 1750 388 1815 deur
404 1751 634 1833 praepositum.
669 1749 794 1817 Amore
809 1756 960 1833 cogente,
971 1750 1123 1836 Phrygio
1135 1771 1227 1817 servo
1239 1749 1378 1814 fidelissi·

313 1871 369 1916 ruo
383 1851 540 1917 mandata
554 1852 613 1916 dat
626 1851 763 1917 serenda
777 1852 821 1917 ad
838 1853 1035 1917 Hecubam:
1057 1860 1092 1917 et
1113 1854 1157 1917 ab
1179 1873 1218 1916 ea
1236 1851 1298 1915 sibi
1307 1870 1381 1914 uxo-

313 1971 384 2017 rem
398 1953 528 2035 poscit:
549 1954 613 2018 boc
628 1955 658 2017 si
672 1953 801 2030 fecerit,
817 1974 855 2018 se
869 1970 946 2018 cum
961 1955 1033 2017 suis
1054 1951 1312 2036 Myrmidonibus
1331 1951 1382 2013 do·

314 2072 403 2118 mom
419 2053 609 2119 rediturum.
653 2051 754 2131 Quod
768 2073 844 2118 cnm
862 2056 936 2138 ipse
957 2053 1081 2130 fecerit,
1100 2061 1227 2117 ceteros
1242 2060 1383 2136 quoqne⁴

313 2152 402 2217 idem
427 2154 585 2219 facturos.
629 2154 753 2218 Servus
776 2153 1014 2236 proficiscitur,
1039 2152 1082 2218 ad
1108 2152 1285 2216 Hecubam
1297 2151 1384 2224 venit,

312 2253 474 2320 mundata
488 2254 588 2320 dicit:
611 2253 758 2318 Hecuba
772 2252 943 2338 respondit
958 2272 995 2317 se
1008 2252 1109 2328 velle,
1131 2252 1189 2316 scd
1211 2252 1241 2316 si
1262 2252 1383 2315 Priamo

314 2354 388 2419 viro
403 2374 466 2419 suo
487 2357 640 2438 placeat:
662 2353 743 2418 dum
764 2355 841 2437 ipsa
861 2373 937 2419 cum
958 2352 1094 2419 Priamo
1108 2359 1196 2435 agat,
1215 2370 1324 2417 servus
1340 2369 1384 2414 re

313 2456 399 2518 verti
408 2455 564 2536 jubetur:
588 2473 705 2519 servus
718 2454 811 2537 qnod
836 2455 962 2536 egisset
981 2454 1107 2519 Achilli
1127 2454 1269 2519 nuntiat.
1307 2452 1386 2533 Agr·

312 2572 466 2617 memnon
479 2573 556 2618 cnm
571 2573 689 2636 magno
705 2562 892 2619 commeatu
905 2546 955 2621 ¹ad
978 2536 1090 2620 castra
1102 2558 1282 2621 revertitur.
1321 2552 1383 2616 lie

315 2651 404 2715 cuba
419 2670 494 2715 cum
510 2652 646 2716 Priamo
662 2653 703 2717 de
719 2654 912 2719 conditione
926 2654 1067 2720 Achillis
1077 2664 1091 2690 '
1105 2657 1262 2739 loquitur.
1300 2654 1385 2717 Pria·

311 2766 385 2811 mus
399 2750 584 2830 respondit,
598 2750 669 2815 fieri
684 2770 752 2816 non
766 2773 887 2835 posse:
908 2774 974 2819 non
997 2754 1072 2820 ideo
1088 2756 1180 2839 qnod
1200 2776 1271 2821 enm
1286 2751 1380 2818 runi·

311 2854 382 2914 tate
395 2847 562 2932 indiguum
575 2852 768 2934 existimet3
790 2854 851 2918 sod
866 2856 896 2920 si
910 2857 943 2920 ei
955 2856 1095 2934 dederit,
1117 2865 1154 2921 et
1174 2858 1249 2922 ἱΙΙος
1267 2855 1383 2918 diseas·

312 2949 400 3027 serit,
415 2955 546 3015 ceteros
561 2970 628 3016 nou
643 2951 873 3019 discessuros:
889 2961 924 3020 et
933 2956 1084 3040 iniquum
1095 2978 1183 3036 esse,
1193 2958 1383 3021 iliamsuam

312 3050 401 3113 besti
410 3049 562 3132 jungere.
606 3052 820 3137 Quapropter
834 3056 864 3120 ei
878 3056 914 3120 id
928 3057 1000 3122 beri
1014 3059 1126 3136 vellet,
1148 3077 1219 3143 pax
1231 3061 1384 3141 perpetua

312 3148 382 3228 fiat,
396 3157 431 3214 et
444 3154 610 3217 exercitus
626 3152 794 3231 discedat,
807 3154 943 3220 soederis
961 3157 1040 3241 jura
1061 3160 1263 3224 sanciantur.
1302 3154 1338 3219 Si
1349 3152 1384 3217 id

315 3251 442 3317 iactum
458 3254 512 3332 sit,
526 3272 563 3317 se
576 3254 608 3318 ei
623 3253 761 3318 libenter
781 3252 885 3319 liliam
901 3255 1064 3322 daturum.
1109 3259 1230 3343 ltaque
1243 3276 1316 3323 cnm
1326 3273 1388 3319 ser·

311 3369 375 3417 vus
390 3352 434 3418 ad
450 3353 626 3419 Hecubam
646 3355 769 3419 missus
790 3362 880 3421 esset
900 3358 944 3422 ab
963 3354 1101 3437 Achille,
1124 3360 1240 3426 eadem
1251 3356 1389 3425 Hecuba

762 3550 941 3573 eumneuo

342 3677 358 3722 t
377 3672 516 3737 ceteraque
527 3678 669 3743 Delpb-ti
686 3679 980 3750 Omittitnrt'lleDelpb.

798 3874 909 3927 NOTAE

342 3978 411 4029 ·Ar
430 3985 560 4043 aprinae
577 3984 629 4046 das
645 3985 747 4049 meur·
765 3989 834 4053 raet]
905 3988 1244 4055 'Demdilieasdsllllld
1272 3990 1393 4054 ntem

311 4050 382 4102 Nota
400 4066 515 4137 morem:
532 4072 599 4109 anuo
615 4059 739 4111 redeunte
751 4069 833 4114 eteo-
872 4063 929 4128 pria
939 4064 1063 4129 loquitor,
1073 4062 1391 4126 {duodecennium

310 4122 370 4175 dem
381 4124 466 4176 dread
479 4132 572 4182 mortui
582 4135 728 4199 sepulcrum
739 4150 831 4189 couva-
871 4136 972 4189 Acbllls
983 4138 1080 4190 obtata.
1112 4139 1391 4200 cruditioastupro·

309 4200 392 4251 niunt-
869 4214 928 4278 pris
937 4221 978 4266 est
989 4215 1107 4282 quedam
1116 4214 1270 4278 poprium
1280 4211 1368 4278 parua.
