3034 4928
283 382 329 457 ul
538 400 632 456 tter
652 401 847 453 nnnrnuurr
873 388 1123 453 urseunrlrtd

286 562 358 627 turn
371 558 454 633 erut,
467 552 511 620 ud
535 574 640 621 neves
662 553 819 623 veniunt'
861 554 949 620 Vide
970 559 1004 620 et
1023 542 1080 619 hie
1101 553 1217 620 Snnnt
1234 554 1394 621 Minervr

287 656 374 723 rl.9.
389 655 844 739 etquoeegoisthienotuvi.
1236 650 1243 661 ‘

329 776 380 824 vr.
393 758 427 823 8.
448 756 675 841 ‘Hujusrnudi
687 756 823 822 numine
835 754 1005 834 armatus,’
1017 757 1082 821 hoe
1092 759 1156 833 est,
1170 753 1229 821 illu
1244 758 1392 824 dmndd

286 858 498 925 confirmatus
509 858 553 922 ud
567 856 754 922 audendum
767 856 906 941 aliquid.
948 856 1008 922 Sic
1022 855 1122 922 cum.
1132 856 1166 921 N
1167 877 1221 941 en.
1234 857 1270 921 in
1284 857 1391 923 Han·

189 1033 193 1037 ,
285 961 358 1027 nib.
371 960 428 1025 10.
451 958 597 1042 ‘Neque
617 957 710 1022 eliud
725 957 905 1040 quicquam
921 957 1002 1040 egit,
1018 975 1122 1039 qnam
1143 974 1254 1037 regern
1272 968 1390 1023 mn-

286 1061 336 1125 vit
356 1060 392 1125 et
411 1058 572 1124 excitavit
593 1058 759 1122 adversus
778 1056 980 1123 Romanus?
1022 1056 1097 1123 (iic.
1119 1058 1214 1123 Fam.
1236 1060 1392 1125 11123.

166 1231 168 1234 ⁴
287 1159 532 1243 ‘Philosophia
556 1177 610 1223 nne
632 1162 750 1223 contre
770 1170 887 1223 omues
914 1158 1056 1223 todnnae
1077 1159 1223 1242 impetus
1252 1160 1389 1226 nrmntss
1512 1192 1513 1253 3

286 1260 376 1326 Plin.
390 1259 519 1340 Puneg.
540 1259 595 1322 12.
617 1259 741 1325 ‘Feres
756 1264 870 1341 gentes
891 1258 1050 1323 nuntelis
1068 1259 1188 1342 magis,
1204 1276 1390 1341 quumsno
1512 1272 1513 1335 ξ

286 1362 388 1439 coelu,
410 1378 473 1425 suo
495 1359 617 1437 sidere,
639 1356 824 1425 armentur?
867 1357 998 1443 Sulpic.
1019 1359 1098 1425 Sev.
1116 1376 1155 1424 ιι.
1176 1361 1211 1424 2.
1234 1361 1270 1425 iu
1292 1370 1389 1428 extr.
1512 1356 1513 1403 ἶ

286 1462 297 1496 ‘
309 1462 348 1527 Si
376 1460 545 1526 hominem
575 1480 686 1526 numm
716 1459 921 1525 sacerdotali
950 1460 1148 1526 auctoritate
1177 1464 1389 1527 armassent’
1512 1458 1513 1531 ᾗ

286 1560 379 1626 Setis
408 1580 453 1629 ex
474 1561 537 1633 his,
559 1562 595 1626 ni
617 1562 722 1641 fuller,
743 1569 845 1647 putet,
866 1558 953 1626 mele
975 1559 1192 1644 Vindinginrn
1220 1562 1391 1635 maturae
1512 1616 1513 1653 ,

285 1665 295 1698 ,
357 1660 364 1676 ·
493 1662 503 1688 .

310 1666 497 1829 Ἕιιῗωδέἁ
511 1720 625 1831 desino
640 1763 748 1849 plura,
764 1784 839 1831 cunr
853 1761 1155 1849 pleraeque-breves
1170 1764 1238 1829 illae
1252 1765 1387 1832 nutnlee

285 1858 473 1946 vindingii,
488 1886 565 1950 quse
588 1872 715 1931 tautum
736 1867 802 1948 legi
818 1866 925 1944 aliter,
941 1870 1001 1930 nut
1013 1864 1087 1933 tolli
1107 1866 1262 1931 voculam
1274 1884 1391 1947 quun-1

286 1964 375 2042 dum,
385 1964 518 2049 jubent,
533 1967 625 2032 nullu
638 1968 784 2032 nituntur
796 1966 915 2032 idonea
924 1967 1008 2032 satis
1021 1966 1159 2044 ratione,
1172 1986 1267 2051 saepe
1278 1970 1391 2034 etiarn

192 2102 198 2113 ·
285 2065 467 2145 declarent,
483 2078 551 2133 non
566 2068 651 2132 setis
665 2065 875 2131 intellexisse
889 2084 967 2130 eum
988 2067 1133 2133 auctoris
1148 2068 1202 2131 sui
1225 2075 1392 2147 mentem,

283 2166 398 2230 verbis
423 2167 508 2234 nihil
530 2168 605 2234 vitii
629 2167 827 2232 habentibus
850 2185 1058 2251 expressum.
1101 2168 1291 2233 8101122.
1314 2174 1393 2236 ‘nri

288 2285 354 2332 vus
384 2267 450 2334 seli
472 2269 640 2353 ignoretis,
663 2274 702 2334 ut
731 2268 860 2334 alleetae
889 2268 955 2333 sint
984 2268 1105 2334 vicinoe
1131 2276 1231 2352 utque
1257 2270 1388 2337 enricee

284 2370 385 2434 vobis
414 2372 582 2447 civitates,
611 2371 669 2435 vel
698 2390 775 2453 quee
802 2370 838 2433 in
864 2369 938 2434 dies
958 2369 1102 2435 residuis
1129 2375 1390 2455 preparentur!

285 2468 415 2533 Sensus
429 2474 481 2533 est
502 2469 724 2534 clarissimus.
768 2470 928 2536 Nondum
951 2471 1040 2535 enirn
1062 2488 1180 2536 omnes
1201 2481 1293 2537 eruut
1306 2491 1388 2538 rus·

285 2575 381 2645 tetre,
394 2568 551 2651 qnuedent
562 2575 655 2634 erunt
676 2574 686 2607 ‘
701 2568 867 2647 residuus:
890 2570 951 2635 sed
966 2572 1089 2655 quibus
1103 2571 1221 2639 eudem
1236 2576 1390 2643 vestutiu
1512 2636 1513 2651 ,

286 2666 495 2732 imminebat.
540 2668 603 2733 llle
619 2675 730 2734 tnrnen
744 2669 923 2751 legendum
937 2682 1054 2738 censet
1066 2674 1262 2740 ‘residuos'

329 2781 379 2831 ιι.
394 2765 449 2831 39.
471 2768 580 2833 ‘Dein
609 2769 704 2852 signo
729 2770 810 2834 datu
841 2771 1027 2838 conflixere
1055 2776 1146 2840 ecies
1173 2778 1387 2860 composilae,

289 2864 422 2933 cruere
437 2885 480 2932 no
494 2869 635 2959 singulis
656 2889 716 2954 per
737 2870 1016 2954 distributionem,
1031 2875 1170 2963 imperis
1185 2878 1307 2944 dueum
1321 2897 1388 2941 ex·

287 2969 529 3051 sequentibus.’
547 2986 552 2997 ·
574 2972 629 3038 ltu
641 2973 717 3037 lraee
732 2971 978 3055 distinguenda,
993 2984 1028 3043 et
1048 2977 1098 3042 ita
1111 2977 1194 3043 nihil
1214 2980 1269 3044 iric
1282 2980 1389 3045 hersi·

287 3069 428 3135 tutionis
459 3079 621 3154 superest.
663 3073 725 3139 llle
753 3080 863 3141 tumn
883 3075 950 3159 legi
971 3076 1046 3143 vult
1065 3077 1290 3146 ‘Graecorum
1312 3082 1388 3147 sius

291 3169 404 3253 gulis?

331 3286 383 3339 nv,
404 3273 435 3339 1.
457 3272 586 3353 ‘Queis
607 3278 717 3346 animo
742 3278 790 3346 ite
816 3279 971 3361 heuserut,
984 3280 1078 3349 nulle
1100 3302 1162 3368 spe
1185 3283 1388 3369 impetrandi

289 3374 478 3456 cadaveris,
508 3377 685 3462 ipsumque
708 3381 892 3461 Priamum,
907 3391 943 3448 et
972 3387 1129 3467 quicum
1155 3405 1196 3451 eo
1226 3386 1387 3465 fuissent,

288 3476 421 3540 retineri
440 3476 630 3545 eGreeeis.’
673 3481 739 3547 ille
768 3504 860 3562 vero,
886 3483 1005 3570 ‘lege'
1028 3487 1087 3564 uit,
1114 3485 1246 3566 ‘Queis
1270 3489 1388 3555 enimn

287 3572 467 3639 inhaeserat
487 3578 580 3641 nulle
604 3599 683 3661 spes
708 3583 929 3667 impetrandi:
945 3589 1006 3651 &e
1051 3589 1160 3653 Immo
1187 3592 1268 3673 quin
1288 3590 1389 3657 nulla

288 3672 373 3756 ipsis
396 3680 466 3739 erut
487 3693 567 3757 spes
594 3677 797 3761 impetrandi
827 3685 1015 3764 cadaveris,
1029 3687 1109 3754 iden
1132 3692 1242 3757 animo
1263 3710 1387 3757 eurum

288 3772 442 3875 irrueret,
457 3773 628 3842 Priamum
644 3780 773 3849 retineri
786 3790 807 3849 nl
821 3785 962 3856 Groeeis.
1006 3790 1098 3856 Num
1109 3792 1265 3875 quodnit
1278 3796 1389 3877 gemi-

289 3879 371 3939 nutn
384 3877 515 3961 eupnls,
538 3879 738 3965 ‘ipsumque
761 3889 874 3969 etqui
896 3908 974 3955 num
995 3908 1038 3956 eo
1060 3892 1389 3969 luissent,'Greecis·

289 3988 365 4040 tnus
381 3987 435 4042 est
449 3980 575 4046 uueturi
590 3991 706 4048 nostru
717 3984 881 4070 frequens,
923 3989 1014 4057 Vide
1028 4012 1129 4078 snpra
1143 3995 1161 4079 §
1177 3995 1228 4060 lu.

334 4092 386 4143 ιν.
401 4078 454 4143 ll.
477 4080 586 4145 ‘Cum
607 4085 740 4151 insidiis
763 4094 886 4157 tanturn
908 4094 1092 4175 perfecerit,
1106 4101 1262 4180 quuntnrn
1283 4114 1323 4161 ne
1343 4099 1389 4166 iu

289 4179 469 4247 certamine
499 4182 637 4251 auderet
666 4186 825 4270 quidem?
869 4190 952 4261 Vult
978 4196 1101 4278 dicere,
1130 4200 1166 4263 in
1201 4200 1389 4268 certamine
