3070 4922
428 402 478 449 ns
504 404 623 452 necno
646 403 817 454 rnotnuo
842 407 913 455 crs.
939 408 987 455 ιν.
1182 398 1247 463 499
1281 442 1285 449 -

160 546 360 612 Commodat
374 550 432 609 aut
449 546 602 611 fremitus
618 548 729 625 armis,
744 556 804 612 ant
819 551 888 613 otia
903 551 992 632 paci.

203 650 243 713 ln
257 667 370 712 serum
384 645 546 729 perdocte
557 666 682 726 senem,
698 668 776 731 pars
790 650 910 715 ultima
922 670 1027 716 canos

160 749 304 832 Colligit,
317 757 352 812 et
366 748 451 812 raris
465 749 636 813 sulcantur
651 756 803 833 tempora
816 753 920 834 rugis,

159 853 360 933 Prognessos
375 853 499 914 testata
513 849 601 914 dies:
624 852 742 933 procul
757 852 873 916 exitus
888 855 965 927 oevi,
1181 856 1246 921 489
1276 872 1283 885 ·

159 953 254 1017 Mors
267 955 372 1034 longe,
386 962 420 1016 et
432 950 574 1015 Lachesi
589 957 720 1016 stamen
735 954 839 1018 vitale
853 956 1019 1019 ministrat

158 1054 319 1119 Nondum
333 1054 425 1117 lassa
441 1070 550 1115 soror:
572 1060 608 1116 at
621 1052 691 1117 fato
706 1054 813 1138 major
828 1055 967 1139 Erinnys

158 1155 359 1237 Praecipitat
372 1153 496 1217 festina
512 1152 651 1217 ducem:
673 1162 740 1220 tres
756 1174 822 1220 aere
838 1156 1029 1239 propinquo

158 1256 311 1331 Haerent,
326 1257 411 1319 irata
424 1254 558 1318 Pelides
573 1253 691 1332 sronte,
703 1258 852 1339 precanti

157 1355 341 1437 Telephus,
355 1356 499 1419 exanimi
514 1354 702 1419 Teuthras:
724 1358 849 1439 pallere
866 1357 999 1422 rideres
1178 1360 1244 1424 485

159 1455 238 1532 Ora,
253 1476 366 1538 genas,
381 1474 562 1537 aurumque
577 1458 680 1520 mori:
705 1477 801 1521 cruor
815 1459 905 1523 altus
915 1461 950 1523 in
966 1478 1064 1523 auras

157 1557 272 1635 Exilit,
288 1565 320 1622 et
334 1558 437 1621 minio
452 1565 566 1621 rorant
579 1558 730 1622 tabulata
743 1557 871 1623 fluenti.

157 1659 246 1723 Haec
259 1677 357 1741 snper
371 1658 492 1740 exiguo
506 1660 648 1722 breviter
663 1659 807 1724 collecta
822 1661 931 1742 sigillo

158 1759 246 1824 Fata
259 1759 334 1835 viri,
349 1762 423 1842 qnis
436 1761 522 1841 regis
536 1758 656 1837 honos,
672 1759 749 1842 quis
764 1759 888 1824 lunens
902 1769 1030 1837 auctor,

157 1859 258 1937 Quod
269 1860 381 1936 satum,
392 1881 468 1943 quse
477 1880 592 1938 causa,
601 1869 784 1944 patentque
795 1861 860 1926 hoc
870 1862 998 1942 singula
1008 1862 1154 1942 scripto:
1176 1861 1241 1925 499

199 1961 277 2025 Dux
293 1960 467 2038 Teuthras,
486 1961 605 2026 Moesis
618 1964 722 2027 decus
733 1963 833 2041 arvis,
849 1982 970 2046 passus
985 1959 1165 2038 Achillem,
1274 2036 1277 2039 ¹

155 2061 243 2125 Ense
259 2081 374 2125 necem
384 2063 496 2138 sensit,
511 2065 632 2147 sceptri
647 2063 798 2128 defensor
812 2064 901 2128 aviti.

198 2163 385 2245 Postquam
401 2165 504 2227 basta
518 2164 615 2229 ducis
629 2166 720 2247 nigro
736 2165 909 2248 deplanxit
922 2164 1044 2229 honore

156 2260 241 2326 Fida
254 2281 386 2340 manus,
400 2271 587 2347 moestoque
602 2266 766 2330 ululatum
784 2284 865 2329 voce
879 2266 1006 2348 quievit

153 2363 318 2447 Supremo
329 2365 401 2447 jam
417 2365 481 2428 tiue
495 2366 595 2444 Vale,
612 2365 784 2430 redeuntia
795 2365 887 2431 ducit
1174 2365 1241 2429 495

154 2461 298 2545 Agmina
311 2465 459 2542 Pelides,
474 2466 571 2529 urbes
586 2467 710 2545 inritus
724 2467 849 2531 amicas

49 2554 53 2560 ’
153 2563 323 2649 Telephus
333 2574 366 2631 et
380 2566 493 2630 socios
507 2574 657 2631 recturus
673 2567 833 2652 linquitur
848 2586 952 2650 agros.

196 2666 277 2749 lpse
291 2668 425 2749 quidem
439 2667 517 2750 plus
533 2688 616 2751 pace
632 2671 734 2746 acies,
747 2672 854 2734 minus
871 2670 942 2734 otia
952 2669 1050 2735 bellis

153 2768 294 2845 Poscat,
309 2775 341 2834 et
354 2778 489 2833 armatae
503 2770 599 2833 malit
612 2770 804 2835 discrimina
820 2771 899 2835 vitae

152 2868 222 2950 Spe
236 2869 377 2952 palmae:
399 2878 433 2935 at
447 2871 565 2953 populi
580 2870 703 2935 dilecto
718 2873 866 2955 principe
881 2871 961 2936 nudi
1175 2871 1239 2934 500

145 2969 335 3036 'Moerentes
345 2972 453 3035 vicere
466 2990 593 3055 preces,
604 2978 642 3035 ut
656 2972 741 3053 tegis
755 2973 854 3036 iniret

152 3069 333 3150 Excubiae,
346 3074 530 3156 molemque
544 3072 674 3138 datam:
697 3080 809 3139 monet
822 3074 895 3157 ipse
910 3072 1012 3163 futuri

639 3288 748 3341 NOTAE

183 3402 233 3449 499
251 3398 336 3448 Procri
352 3400 429 3449 exitas
443 3400 577 3456 milton
593 3401 673 3464 longe]
745 3402 794 3448 soa
817 3395 911 3459 Sceptrt'
930 3392 1038 3452 delmi
1058 3387 1130 3450 919ῑῖ]
1158 3390 1239 3438 Μ’
1288 3406 1293 3415 ’

149 3477 226 3540 virg.
244 3488 283 3524 rr.
301 3475 358 3525 AErr.
377 3475 459 3523 ‘Turn
471 3476 531 3539 qnia
545 3489 595 3525 uec
609 3474 675 3536 fsto,
715 3468 989 3535 ἐπιτόφωνὴτυραννίι.

147 3556 242 3606 merita
253 3569 302 3604 nec
315 3562 399 3603 morte
414 3553 524 3617 peribat,
539 3553 590 3601 Sed
601 3552 675 3601 mise·
744 3555 792 3599 49⁶
810 3539 1238 3611 Seprsmjnsfisel'nle18errirrs

147 3627 406 3692 ruantediem,'&c.
437 3627 570 3677 Anteuirn
587 3626 676 3690 ‘lato,’
715 3624 861 3674 adeersum
874 3621 1027 3684 Virg.⁸Sic,
1044 3619 1108 3668 osio
1125 3619 1237 3681 positum

148 3713 193 3753 sut
203 3712 306 3766 ustura,
317 3712 363 3752 sut
373 3718 435 3752 essu
447 3704 606 3752 moriunturr
624 3718 675 3767 que
715 3698 786 3749 affati
797 3697 923 3747 discedite
934 3694 1047 3759 corpus,’
1065 3693 1122 3743 AEn.
1133 3707 1163 3742 rr.
1183 3692 1236 3742 ‘at-

148 3778 183 3827 de
195 3793 222 3826 re
233 3778 340 3828 Servius
352 3778 383 3827 sd
396 3780 440 3827 illa
451 3778 673 3842 Virgilii,ethu-
715 3774 812 3831 famini,
829 3780 859 3823 ut
879 3773 931 3823 dici
950 3771 1055 3821 mortuis
1071 3772 1146 3830 solet,
1162 3769 1237 3825 Vale,
1345 3820 1348 3825 ,

146 3853 207 3901 nius
216 3853 314 3917 synog.
328 3868 354 3903 v.
365 3854 466 3904 Miscel.
475 3858 514 3903 17.
528 3853 672 3905 casaubon.
714 3852 788 3914 Vale,
799 3848 882 3898 Vale!
913 3848 956 3898 lte
974 3846 1068 3895 AEuess
1086 3857 1126 3893 ιι.
1144 3844 1237 3893 ‘Salve
1316 3888 1322 3899 ,

147 3926 184 3977 sd
199 3926 275 3977 tinet.
294 3942 315 3977 ι.
335 3927 407 3979 llicit
424 3929 511 3992 itaque
529 3928 605 3992 polita
622 3930 673 3979 tale
715 3933 837 3976 eternum
848 3922 918 3980 mitri,
929 3922 1038 3970 maxime
1053 3918 1137 3972 Pella,
1153 3918 1238 3967 AEter·

146 4000 283 4065 quidesse
296 4009 387 4068 morte,
398 4012 428 4054 ut
443 4005 542 4053 Seneca
553 4003 673 4067 loquitur,
713 4014 824 4064 numque
847 3996 921 4047 vale!
963 3995 1031 4045 Vide
1050 3993 1084 4043 de
1106 3991 1236 4044 funeribus
1302 4002 1304 4007 ’

146 4077 189 4127 sel
202 4079 322 4143 eutimii,
331 4089 359 4130 ut
370 4080 480 4135 Plinius,
493 4094 542 4128 non
558 4087 596 4127 est
607 4092 673 4128 mor·
712 4074 914 4122 Kirclrmennum
923 4083 967 4120 ιιι.
979 4076 1004 4119 9.
1015 4068 1059 4133 qui
1070 4067 1114 4116 illa
1123 4082 1155 4116 ex
1164 4069 1235 4117 Bris-

145 4162 216 4214 tuus,
224 4152 270 4201 ssd
282 4153 402 4220 uiolenta,
413 4154 451 4205 sul
462 4153 505 4204 sir
516 4151 564 4213 lile
572 4150 672 4215 tertre,
711 4148 776 4197 sooii
793 4160 854 4197 vrrs.
873 4146 905 4196 de
928 4144 1044 4197 formulis
1056 4159 1081 4209 p.
1092 4147 1148 4194 747.
1166 4154 1236 4193 tren·

143 4230 321 4293 ἣπιπρωμᾶφ.
711 4223 821 4286 scripsit.
