3076 4918
456 446 504 492 na
528 443 669 492 nrorrrr
693 445 894 506 onsrnnsr,
916 434 976 497 &o
1061 488 1064 494 .
1196 436 1264 504 639

173 579 457 640 Amstelodamensis
482 598 561 637 anno
588 580 677 639 1631.
700 579 794 639 forma
815 583 938 642 minore.
980 582 1069 662 Digni
1092 603 1209 665 quoque
1229 590 1260 648 bi

173 678 233 735 duo
247 678 404 754 scriptores
418 676 509 733 babiti
525 687 605 747 sunt,
620 677 671 753 qui
686 676 715 734 in
730 696 814 736 usum
826 677 965 755 Delphini
977 678 1200 754 illustrarentur,
1214 687 1259 743 uti

172 775 281 832 lactum
296 782 343 831 est
357 771 437 831 houd
459 771 614 831 infeliciter
629 773 666 830 ab
681 772 768 831 Anna
791 774 866 832 Tan.
881 773 967 833 Fabri
980 774 1040 835 iilia
1054 776 1149 838 Paris.
1170 781 1256 843 1680.

172 875 202 928 4.
224 870 300 928 Hinc
314 888 380 927 com
395 868 486 927 Joeioe
502 867 635 937 Meroen,
651 867 738 945 Casp.
759 868 882 939 barthii,
908 870 996 930 Ulrici
1022 872 1160 933 Obrechti
1176 876 1257 936 Pres-

172 965 241 1023 toria
255 964 352 1042 Regii,
365 963 415 1042 qui
439 974 524 1022 vetus
540 963 598 1025 Ma.
613 963 866 1041 Argentomtense
879 965 1015 1034 contulit.
1029 966 1172 1049 Paulique
1185 972 1259 1031 Vin·

172 1059 265 1138 dingii
291 1060 331 1119 ad
354 1059 462 1138 Dictyn
488 1060 576 1130 nolis,
601 1059 697 1119 Dares
720 1061 881 1121 recensitus
906 1070 992 1121 esta
1015 1061 1052 1122 V.
1066 1064 1104 1122 G.
1119 1065 1257 1127 Samuele

172 1156 324 1236 rlrtoporo‚
349 1156 434 1234 enjus
470 1153 629 1233 diligentia
649 1153 740 1215 index
777 1156 862 1215 eriam
890 1157 1015 1235 insignis
1040 1161 1179 1232 occessit,
1203 1161 1258 1219 Ar·

173 1262 320 1328 genrorat.
345 1253 433 1310 1691.
455 1253 523 1311 svo.
567 1250 702 1329 Denique
724 1251 1015 1313 Amstelodnmeoses
1037 1274 1086 1316 nn.
1117 1257 1203 1316 1701.
1226 1259 1258 1315 in

173 1357 277 1423 quarta
297 1356 328 1405 et
348 1358 453 1404 octava
473 1346 568 1405 forma
589 1346 727 1405 Daretem
747 1359 779 1406 et
801 1348 920 1425 Dictyu‚
942 1349 1051 1408 utinam
1067 1352 1139 1410 setis
1155 1370 1255 1411 emen·

173 1442 251 1514 dote,
267 1441 446 1501 recuderunt
458 1461 495 1500 ex
508 1441 637 1500 editione
651 1442 680 1499 in
701 1462 784 1500 usum
797 1442 945 1520 Delphini,
960 1445 1018 1515 cui,
1042 1457 1147 1522 praeter
1168 1448 1255 1507 notas

171 1538 319 1596 universas
333 1556 369 1597 ex
379 1536 508 1596 editione
517 1536 760 1615 Argentoratensi
773 1538 922 1616 repetitas,
935 1539 1095 1617 adjunxere
1105 1562 1255 1621 nunquam

172 1633 249 1709 prius
275 1631 383 1691 editum
404 1633 469 1691 lac.
497 1631 639 1690 Perizonii
665 1632 716 1689 riri
741 1634 931 1692 eruditissimi
955 1634 1191 1697 dissertationem
1218 1637 1256 1699 de

171 1727 294 1806 Dictye,
319 1728 361 1805 [in
370 1727 426 1787 hae
444 1727 492 1787 ed.
508 1745 642 1786 recusem
657 1746 747 1804 supra
759 1746 789 1803 p.
807 1729 853 1786 19.
868 1735 948 1807 sqq.]
976 1731 1005 1788 in
1020 1732 1103 1808 eujus
1127 1745 1256 1793 extrema

170 1835 253 1899 parte
261 1825 340 1882 varia
348 1823 435 1902 hujus
446 1824 593 1901 scriptoris
602 1822 669 1882 loca
678 1822 877 1892 illustrantem
889 1834 951 1882 tum
960 1844 1095 1885 nummos
1110 1828 1255 1905 quosdam

169 1936 358 1998 gemmasque
384 1928 495 1980 veteres
516 1918 553 1978 ed
575 1917 781 1978 illustrandum
805 1918 912 1997 Dictys
934 1937 953 1978 a
976 1918 1124 1980 Ludorico
1157 1923 1255 1981 Smids

168 2013 205 2071 V.
220 2014 257 2073 G.
271 2013 423 2086 collectas,
446 2013 573 2093 denique
595 2013 719 2091 losephi
744 2012 866 2072 Iscani⁶
889 2014 1023 2087 Devonii,
1039 2016 1256 2091 Excestrensis‚

168 2110 275 2184 poetro,
284 2128 337 2188 pro
350 2118 438 2169 utare
452 2109 513 2180 illa,
523 2129 582 2168 non
590 2108 776 2188 inelegantis,
787 2111 893 2187 poema
899 2110 1047 2171 heroicum
1060 2112 1089 2171 in
1103 2130 1156 2172 sex
1165 2112 1254 2175 libros

168 2202 340 2263 distinctum
354 2204 393 2264 de
408 2204 492 2265 Bello
504 2204 641 2284 Trojano,
656 2223 724 2265 cum
744 2205 822 2264 uotis
840 2205 985 2265 Samuelis
997 2206 1152 2280 Dresemii‚
1168 2210 1254 2269 Ditb·

168 2301 266 2368 mersi.
282 2300 479 2379 persingulas
493 2301 617 2379 paginas
632 2300 799 2359 substratis.
832 2300 964 2360 indicem
977 2321 1096 2383 quoque
1109 2302 1212 2363 Dereri
1226 2317 1256 2365 et

169 2394 268 2474 Dictyi
290 2395 512 2474 subjunxerunt,
538 2415 598 2455 non
623 2396 741 2475 qualem
767 2395 946 2455 locutionum
974 2397 1069 2458 minus
1091 2400 1254 2471 obviatum.

167 2511 299 2570 ususque
312 2490 518 2551 vocabulorum
533 2492 693 2571 singularis
706 2492 861 2552 adornavit
881 2492 995 2554 clariss.
1012 2494 1180 2576 Artopmus‚
1198 2497 1252 2555 sed

167 2587 264 2665 quslis
285 2588 313 2646 in
331 2586 460 2648 editione
476 2588 613 2668 Delphini
627 2588 764 2659 occurrit,
779 2588 872 2649 ludex
887 2590 1016 2649 omniurn
1031 2591 1253 2653 vocabulorum.

167 2683 291 2763 Josepbi
304 2703 422 2762 quoque
444 2685 540 2744 lscaoi
561 2686 666 2763 poema
678 2685 809 2745 exhiberi
829 2695 946 2765 poterat
959 2705 996 2745 ex
1009 2685 1208 2747 emendatiore
1224 2697 1255 2746 et

166 2779 322 2858 integriore
332 2779 457 2839 loannis
470 2779 547 2839 Mori
561 2779 690 2840 editione
706 2779 909 2853 Londinensi†
936 2800 964 2843 a.
980 2784 1069 2845 1676.
1085 2786 1114 2844 8.
1146 2783 1254 2844 Drese·

167 2876 241 2934 mius
255 2873 342 2947 enirn,
355 2875 404 2954 qui
413 2876 469 2935 lroo
482 2883 674 2956 poemarecte
686 2876 818 2956 losepho
828 2878 934 2939 laceno
943 2878 1078 2950 restituit,
1087 2888 1118 2939 et
1130 2878 1252 2939 eruditis

168 2972 244 3030 notis
257 2971 424 3042 illustravit,
435 2971 573 3031 Francos.
587 2973 675 3031 1623.
684 2974 715 3031 4.
728 2973 817 3030 nullia
829 2972 980 3032 codicibus
989 2971 1064 3033 Mes.
1074 2973 1128 3030 sed
1137 2982 1252 3033 tantum

198 3171 341 3235 ⁶Joseplrus
358 3171 560 3284 Iscsanpzirns
574 3187 643 3220 mum
663 3169 693 3220 de
725 3172 843 3229 Carmina,
855 3173 896 3220 lib.
908 3187 927 3219 r.
943 3171 972 3218 ln
983 3169 1141 3219 Antiocheido
1151 3169 1218 3219 fortis
1228 3182 1252 3220 ct

165 3238 230 3285 bello
240 3236 341 3301 Trojano
355 3235 442 3286 meavit

165 3301 351 3365 Amiriepiscopo
368 3300 507 3349 Cunctorum
522 3300 572 3348 sive
589 3301 693 3350 Cauma-
725 3315 777 3348 cum
786 3299 910 3355 Balduino,
920 3313 946 3347 su
957 3298 1108 3361 expeditione
1119 3296 1251 3346 sdTerrsm

165 3367 245 3414 riensi.
271 3364 310 3412 Do
326 3364 404 3413 lscsni
416 3379 484 3428 porro
494 3367 564 3428 nugis
573 3364 694 3413 amatoriis
725 3362 837 3412 Sanctam
847 3360 1250 3427 comitutusest,gestaoelebrarit.]

164 3430 218 3477 ride
228 3429 334 3491 illruagii
340 3429 598 3482 and-Bnilletum‚T.rr.
605 3443 629 3490 p.
636 3432 692 3477 825·
757 3426 785 3488 [t
796 3426 860 3473 Mori
877 3424 982 3483 erfitioni,
992 3440 1055 3474 nunc
1069 3425 1147 3472 minus
1166 3424 1251 3482 obviae,

164 3493 202 3540 De
210 3490 691 3557 Belloejuarlntiochennsiverlntioolre·
725 3490 775 3538 lame
791 3489 913 3554 inscriptio
933 3490 1030 3552 prefixa
1054 3496 1106 3536 ost:
1136 3486 1251 3537 ‘Daretis

165 3558 212 3613 ide,
232 3567 258 3605 et
275 3559 329 3608 aliis
347 3559 451 3622 scriptis,
468 3555 649 3606 Julalrndum
662 3555 693 3602 de
726 3553 763 3601 Ph
792 3555 833 3616 gii,
843 3554 1123 3601 Historicorumorunium
1131 3551 1209 3617 primi,
1220 3554 1250 3602 de

164 3622 318 3685 scriptoribus
330 3607 567 3670 Britirnnicisrdirum
576 3634 653 3682 nuper
662 3619 693 3666 sb
725 3617 761 3666 Be
780 3635 795 3665 o
804 3617 904 3683 Trojano
915 3617 969 3665 libri
980 3632 1029 3665 sex.
1047 3616 1131 3664 latino
1147 3617 1249 3666 carmine

164 3685 271 3734 Antonio
290 3686 355 3740 Hsll,
372 3686 451 3734 Oxou.
465 3689 535 3734 1709.
556 3687 579 3731 8.
598 3687 690 3746 pm.
722 3682 805 3730 slose
823 3681 992 3729 holixonirnsi
1009 3681 1045 3729 ele
1075 3681 1181 3729 ocissime
1198 3682 1248 3729 red·

165 3748 690 3798 AlisdseoClrrisriauueDsumiusnotisad
722 3745 774 3794 diti.
834 3744 1039 3810 cognitiscemen
1070 3745 1248 3793 ticumetstu-

164 3813 308 3861 Demardum
321 3812 475 3877 Geystensern
487 3827 511 3875 p.
522 3808 563 3862 78.
581 3810 692 3874 [Scripsit
723 3808 763 3857 dio
773 3810 873 3859 Joannis
889 3807 960 3862 Mori,
972 3808 998 3857 J.
1007 3807 1039 3857 U.
1051 3807 1082 3858 D.
1101 3808 1142 3871 qui
1153 3808 1249 3856 eosdem

162 3875 270 3924 Ιοαωωε
282 3876 321 3924 De
328 3877 398 3925 Bello
405 3874 506 3939 Trojano
515 3875 691 3941 libb.lvr.-De
723 3874 877 3936 Argumentis
896 3871 1029 3928 illustrarit,
1046 3880 1168 3933 tonumque
1188 3885 1249 3935 opos

162 3940 233 3988 Bello
249 3939 402 3989 Antiocheno
418 3939 459 3987 lib.
481 3939 570 3987 r.—De
589 3940 689 3986 Institu-
720 3953 776 3986 vero
787 3938 877 3986 auctori
883 3934 995 3984 restituit.
1011 3937 1120 3985 Londini.
1132 3936 1248 4000 lmpousis

160 4003 226 4053 tione
238 4003 259 4053 C
289 4004 347 4052 'bb
356 4003 578 4068 re-Pnneoyricum
586 4002 688 4050 astn-
721 4002 818 4049 'l'bomn
826 4002 916 4049 Helder
929 4000 974 4047 sub
984 3999 1052 4063 signo
1062 3999 1149 4062 Augeli
1158 3999 1184 4048 in
1196 4001 1247 4048 rico

160 4067 246 4130 sicum,
259 4019 303 4116 iiii.
315 4068 450 4130 re-Nngns
460 4067 602 4121 Amnon-a,
618 4066 660 4114 lib.
671 4081 689 4113 r.
721 4067 791 4128 volgo
800 4064 865 4114 dicto
875 4063 1068 4114 ntuentium.
1079 4063 1170 4127 lomi]

162 4130 377 4195 -Epigrammata¹
386 4133 428 4180 lib.
441 4130 587 4180 r.-Dirersi
597 4129 689 4193 generis

509 3251 553 3284 mar
564 3236 692 3293 Balduino,
725 3236 867 3300 magnanimi
878 3235 953 3309 Regis
962 3235 1035 3283 nostri
1042 3232 1136 3281 Ricardi
1145 3249 1164 3279 r.
1173 3248 1250 3296 quem,
