3034 4928
299 418 344 488 eo
557 429 640 481 rae.
662 429 858 482 ruerzorrrr
882 427 1135 481 nreernrsrro

301 584 456 671 epistolae
471 588 612 649 auotore
624 587 660 646 et
672 579 784 666 operis
791 578 892 666 hujus
900 580 1092 666 interprete,
1104 582 1321 668 reperiendo,
1335 602 1401 649 eeu

298 686 335 756 ln
347 685 560 761 declarando,
575 684 652 767 quie
666 680 766 748 suerit
778 680 836 746 ilie
850 682 1047 766 Septimius,
1060 690 1094 748 et
1110 683 1246 768 quondo
1261 686 1401 769 proprie

299 789 437 855 vixerit.
480 784 586 853 Nulla
606 784 769 849 habemus
790 783 948 867 uestigio,
962 802 1041 867 quie
1054 786 1091 849 in
1105 803 1148 850 eo
1160 783 1353 876 indagando
1367 791 1402 850 et

300 886 445 956 eruendo
463 904 653 971 eequaruur,
665 883 730 951 nisi
751 904 828 969 qnae
840 885 1013 952 ephisena
1035 884 1101 964 Ὀ.
1117 885 1239 952 Aradii
1261 885 1402 952 Rufini'

300 989 424 1056 mentio
436 987 578 1072 pmnst.
623 985 675 1051 Eu
688 984 778 1052 enim
792 985 870 1054 sola
884 986 936 1051 nti
952 985 1114 1052 debemne
1129 986 1175 1052 ud
1189 987 1399 1053 constituen-

301 1091 380 1155 dam
395 1089 552 1173 Septimii
563 1094 714 1154 etatem.
756 1085 825 1153 Sed
839 1087 933 1154 illiue
952 1106 1090 1173 qnoque
1115 1094 1200 1155 artae
1213 1088 1398 1172 eliquantu-

300 1191 369 1257 lum
383 1192 525 1271 incerta,
551 1191 631 1274 qnia
651 1190 765 1274 plures
787 1189 921 1256 inerunt
941 1190 1043 1257 istius
1063 1189 1211 1255 neminie
1231 1190 1399 1256 homines.

300 1292 378 1359 Neo
393 1292 494 1369 enim,
509 1291 601 1378 quod
614 1290 691 1357 Viri
703 1291 797 1357 docti
810 1291 969 1357 ridentur
981 1291 1208 1369 existimasse,
1223 1310 1313 1356 uuus
1322 1291 1399 1369 init,

300 1404 336 1460 et
349 1395 408 1477 qui
419 1394 492 1478 jam
517 1393 582 1458 sub
602 1392 815 1459 Diocletiano
839 1391 1029 1458 Praefectus
1044 1391 1149 1457 Urbis
1163 1391 1309 1476 primunr
1321 1391 1399 1469 init,

299 1495 408 1578 etqui
426 1508 491 1559 ex.
506 1493 605 1558 unnie
621 1501 702 1577 post
715 1494 759 1557 ab
768 1492 909 1559 Iuliano
924 1493 1035 1559 suetus
1048 1497 1101 1558 eet
1110 1490 1236 1558 Gomee
1250 1491 1399 1560 Orientis

299 1595 391 1678 apud
420 1593 633 1660 Ammianum
664 1594 898 1661 Marcellinum
924 1594 984 1659 lib.
1000 1608 1121 1659 xxur.
1150 1594 1226 1658 init.
1269 1593 1398 1678 Neque

299 1697 399 1761 etiam
413 1701 543 1778 putem,
558 1694 724 1761 Aradium
743 1697 832 1761 huno
847 1692 1008 1760 Rufinum
1020 1713 1098 1760 esee
1117 1694 1212 1760 illum
1231 1695 1269 1760 in
1293 1695 1400 1781 Iaspi-

299 1795 400 1861 dibus
414 1803 637 1862 memoratum
651 1794 719 1879 ‘Q.
734 1794 898 1862 Aradium
912 1795 1075 1862 Rufinum
1081 1794 1255 1861 Valerium
1269 1794 1399 1862 Procu-

298 1896 389 1977 lum,’
411 1903 450 1962 ut
471 1903 586 1962 oeuset
613 1895 776 1962 Ouuirius
801 1897 836 1962 in
862 1896 977 1962 Fastis
1001 1897 1046 1961 ud
1060 1894 1197 1961 Annum
1226 1911 1399 1962 uuxvnr.

299 2018 399 2082 quem
414 1999 572 2064 tamenin
586 2018 629 2063 eo
642 2002 826 2080 eequnniur
846 2014 975 2075 omnes,
991 2015 1076 2081 quos
1096 1996 1179 2062 vidi.
1223 1996 1315 2062 Num
1335 1997 1401 2064 ille

298 2098 400 2163 unico
423 2100 571 2177 nomine,
585 2096 641 2163 rel
664 2097 800 2183 paucis,
814 2098 846 2163 ei
873 2097 1114 2182 designaretur,
1140 2097 1303 2163 dicendus
1324 2104 1401 2165 erat

297 2200 510 2284 potieeimum
533 2198 717 2267 ‘Valerius
740 2197 931 2277 Proculus:
951 2199 1006 2265 rei
1029 2202 1159 2264 tentum
1180 2197 1403 2276 ‘Proculue,'

297 2321 390 2367 ruore
415 2302 517 2368 istius
540 2303 794 2386 temperieque
817 2318 862 2365 ex
879 2298 1032 2383 plurimis
1054 2298 1244 2364 nominibus
1259 2290 1404 2382 semper

297 2402 419 2468 ultimo
431 2404 592 2478 maxime,
605 2410 768 2486 tanquam
786 2402 853 2465 sibi
866 2400 1078 2484 potissimum
1099 2398 1257 2483 proprio:
1277 2400 1403 2483 appel·

297 2500 455 2566 iubentur
486 2501 647 2566 homines
691 2502 747 2567 lta
770 2501 959 2583 Imperator
978 2499 1038 2565 ‘Ii
1064 2498 1218 2565 Moesiae
1245 2498 1402 2578 Quintus

297 2600 464 2685 Troianus
479 2600 630 2679 Decine,'
651 2602 695 2667 ab
716 2600 883 2680 omuibus,
897 2600 1070 2667 Trebellio
1090 2599 1258 2678 Pollione,
1273 2601 1402 2667 Eutro-

295 2700 368 2786 pio,
380 2700 530 2782 Victore,
549 2700 683 2781 Oroeio,
705 2700 858 2785 Sulpicio
884 2700 1023 2781 Severo,
1037 2703 1100 2767 &o-
1120 2702 1252 2787 passim
1265 2702 1402 2787 simpli·

297 2802 381 2868 citer
394 2801 565 2882 ‘Deoine,'
578 2803 635 2868 vel
649 2802 836 2888 ‘Troianus
851 2802 998 2868 Decius’
1007 2802 1143 2868 dieitur.
1185 2802 1269 2888 Ejus
1284 2809 1399 2870 entem

296 2903 370 2969 sive
397 2903 498 2983 iiius,
525 2904 597 2970 sire
625 2922 739 2987 gener,
763 2901 829 2968 ¹0.
843 2902 975 2970 Valens
998 2903 1215 2969 Hostilianas
1245 2902 1399 2971 Messius

297 3002 466 3083 Quintus:
485 3005 685 3089 simpliciter
698 3004 889 3085 ‘Quintus’
911 3007 1013 3072 sicuti
1034 3003 1189 3088 dugneta
1200 3005 1296 3070 illiue
1309 3013 1400 3072 tem·

294 3105 389 3190 poris
417 3104 553 3171 ‘Gnaeo
578 3106 659 3172 Seia
683 3107 857 3173 Herennia
885 3105 1048 3172 Snllnetiu
1069 3106 1198 3173 Burbin
1224 3105 1401 3174 Orbium·

294 3206 597 3274 breviter‘Burbin
607 3206 930 3274 Orbiana'rooutnr.
953 3207 1071 3274 Sedet
1081 3208 1221 3293 hioipee
1234 3206 1400 3287 ‘Qan-

294 3306 372 3373 diue
387 3306 533 3393 Reium
548 3306 711 3375 Valerios
725 3307 913 3375 Proculue'
931 3310 969 3374 in
989 3327 1130 3394 corpore
1151 3308 1230 3393 ipso
1251 3310 1399 3395 inscrip-

292 3409 397 3473 tionis
420 3427 445 3475 ι.
467 3431 503 3495 p.
526 3408 602 3477 aea.
632 3410 724 3497 apud
748 3408 929 3476 Gruterum
958 3410 1114 3475 omnibus
1135 3410 1270 3494 quidem
1295 3409 1398 3477 hisee

292 3509 484 3574 nominibus
498 3510 549 3575 ita
560 3513 773 3594 exprimitur,
789 3519 827 3577 ut
847 3511 884 3576 in
894 3511 971 3596 ejus
990 3510 1126 3594 fastigi)
1140 3511 1233 3595 lapis
1250 3513 1318 3578 iste
1332 3530 1399 3598 po-

293 3610 381 3674 eitue
394 3610 549 3675 scribitur
562 3616 692 3675 tantum
706 3612 865 3679 ‘Valerio
880 3613 1027 3679 Proculo
1036 3611 1082 3677 V.
1093 3613 1135 3679 C.
1150 3612 1296 3679 Praeeidi
1308 3612 1396 3681 Pro-
1489 3604 1490 3619 ¹

292 3709 414 3793 riunire
425 3709 506 3775 Vel.
523 3709 731 3793 Bysaoeuee'
757 3713 878 3798 Neque
887 3715 985 3780 aliter
998 3714 1060 3780 ‘L
1071 3713 1219 3781 Aradios
1232 3713 1396 3782 Valerius
1488 3696 1489 3707 ἵ

292 3809 486 3888 Proculus:
506 3812 598 3897 apud
620 3811 947 3901 (interruptim.
969 3818 1006 3882 in
1029 3815 1161 3883 duobus
1184 3816 1398 3883 oerminibne

292 3913 411 3997 majori
432 3915 542 3995 titulo,
558 3917 616 4001 qni
639 3935 755 3982 omnes
776 3919 850 4004 ejue
870 3918 1016 3985 honores
1036 3908 1194 3997 continet,
1215 3917 1398 4002 subjectis,

293 4023 425 4082 tuntum
450 4018 655 4085 ‘Proculus'
671 4018 804 4087 dieitur.
852 4018 940 4103 Qnte
962 4023 1040 4105 ipsa
1054 4019 1204 4086 numina
1223 4020 1328 4086 etiem
1350 4018 1397 4085 ed

294 4114 340 4195 Q.
361 4115 421 4183 Ar.
451 4117 534 4184 rtur.
556 4118 635 4185 Vel.
660 4120 839 4188 Proculum
861 4121 1020 4188 Onniriue
1045 4121 1134 4186 mule
1156 4120 1286 4200 retulit,
1310 4122 1400 4189 lieet

292 4220 323 4286 ie
336 4217 790 4302 commemoraremus,
803 4230 973 4309 nunquam
987 4223 1095 4290 iuieee
1107 4221 1271 4290 ridentur.
