3034 4928
400 395 453 446 os
474 391 656 445 merom
679 394 789 445 eruor
812 394 993 446 ruornru:
1190 382 1234 449 2⁸

101 566 107 571 ·
131 541 212 606 sibi
224 537 423 623 praeempto
436 537 471 602 iu
483 535 606 619 vulgus
620 536 790 620 quondum
809 538 902 602 exiit.
945 536 1079 623 Nempe
1100 537 1235 615 Solius,

132 640 320 707 Joiemes
333 637 473 714 llelele,
484 641 519 702 et
533 655 577 701 ex
589 655 630 700 eo
639 636 796 716 Tuetuer,
811 636 993 715 Geirenus,
1006 639 1140 722 otiique,
1150 658 1236 722 quor

136 738 323 823 videuptul
333 738 480 803 Inonem
495 734 655 801 Allutium
669 735 713 800 de
729 736 847 802 Putria
860 736 1004 802 Homeri
1017 756 1094 821 ρας.
1108 738 1162 803 68.
1171 741 1234 804 tto.

136 859 183 905 oo
197 858 307 922 nsque
319 838 419 903 nobis
433 837 635 919 praeiverunt
647 836 711 901 hoe
736 837 774 901 in
793 837 969 915 sententio,
982 842 1021 902 ut
1034 834 1170 922 quidem
1189 858 1233 904 er

136 940 186 1005 iis
197 941 304 1005 etium
320 937 502 1003 Homerum
516 953 560 999 ex
582 936 640 1001 illo
662 936 787 1020 Dictys
807 955 869 1001 sue
881 935 1036 1003 lruurime
1050 936 1235 1003 offirmare·

135 1039 216 1105 rint
261 1038 349 1103 Inde
374 1056 451 1119 ergo
474 1042 509 1101 et
530 1034 675 1101 Vossius
699 1035 800 1101 Peter
824 1038 859 1101 iu
882 1037 1068 1103 Historicis
1091 1038 1235 1118 Graecis,

136 1138 340 1222 Scriptores
362 1136 538 1222 quosdam,
562 1136 666 1219 inque
685 1136 729 1201 iis
751 1137 840 1202 buno
862 1138 998 1222 Dictyn,
1021 1137 1064 1203 ud
1091 1138 1237 1224 'l'rojuus

136 1247 305 1322 tempore
317 1238 424 1302 retert.
467 1236 538 1300 Sed
559 1244 595 1301 et
614 1235 687 1301 Leo
702 1236 846 1302 llllntius
860 1238 1027 1304 Graeoolis
1050 1240 1134 1316 suis,
1148 1258 1236 1323 quor

138 1338 249 1405 modo
263 1337 459 1414 memorari,
474 1337 573 1401 nimis
593 1337 727 1402 senilem
749 1346 810 1402 out
830 1338 1003 1404 credulum
1024 1359 1060 1404 re
1081 1340 1237 1424 prrebuit,

140 1440 346 1524 Dietyuqne
367 1439 457 1504 huno
483 1458 559 1504 rore
584 1440 738 1506 ‘Troicis
764 1443 969 1527 temporibus
999 1442 1184 1527 equalem?
1204 1447 1238 1507 et

140 1540 224 1606 ideo
239 1540 408 1618 ‘Italico'
430 1559 508 1623 quse
524 1541 660 1622 vulgatu
675 1540 791 1606 Suidm
804 1542 903 1607 lectio
924 1543 976 1608 illi
994 1546 1118 1621 tribuit,
1132 1543 1237 1607 ‘rori-

139 1643 222 1707 boee
236 1660 306 1706 non
320 1640 494 1725 potuisse’
508 1639 690 1720 contendit,
705 1647 800 1707 ‘eum
816 1650 896 1708 tuno
911 1643 1041 1709 ltnlicm
1057 1644 1162 1710 resin
1174 1643 1238 1707 ob·

141 1761 249 1808 muro
263 1741 403 1806 essent!

190 1859 233 1906 ιι.
255 1842 376 1906 Errare
387 1850 499 1911 nutem
513 1861 576 1907 eos
591 1848 628 1906 ut
642 1848 783 1914 constet,
797 1840 1036 1907 ostendendum
1049 1844 1148 1908 nobis
1169 1842 1237 1926 pri·

144 1961 187 2006 os
199 1941 347 2007 Gmoos
361 1943 477 2022 bosus,
505 1943 566 2026 qni
580 1943 704 2027 Dictyn
728 1942 868 2007 subinde
885 1942 1037 2020 tundunt,
1052 1963 1117 2007 non
1133 1943 1238 2007 elium

147 2040 323 2120 monime,
337 2041 437 2126 qnu'm
451 2043 553 2121 bono,
567 2042 626 2128 qui
649 2043 793 2108 Neronis
812 2051 960 2125 tempore
980 2042 1112 2125 lingitur
1125 2042 1240 2108 inven-

148 2147 203 2208 tus
218 2143 258 2207 in
272 2142 442 2207 Cretensis
457 2151 554 2209 teme
569 2145 739 2227 sepnloro,
753 2151 787 2207 et
806 2163 853 2208 ex
874 2162 941 2226 quo
967 2142 1151 2225 Septimius
1166 2143 1240 2225 qni-
1286 2214 1291 2224 ¹

148 2245 227 2310 dum
243 2244 404 2309 latinum
415 2244 501 2309 buno
514 2243 718 2310 Vorsionem
730 2263 791 2308 seu
805 2244 980 2333 Epitomen
994 2244 1094 2307 nobis
1108 2244 1240 2305 oonoin·

150 2351 274 2407 natum
288 2343 431 2425 reliquit.
471 2344 643 2409 Posterius
657 2345 721 2408 hoo
737 2348 855 2425 negent
869 2347 978 2406 tumen
999 2360 1075 2406 oum
1090 2340 1241 2416 silitum

152 2442 310 2509 Vossius
336 2442 372 2506 in
400 2441 584 2510 Historiois
611 2446 755 2521 Ietinis,
785 2446 819 2507 in
843 2443 1029 2525 Septimio:
1064 2449 1240 2526 utrumque

148 2563 231 2609 vero
244 2541 323 2607 Jos.
341 2542 525 2621 Metuens,
541 2553 574 2609 et
590 2545 689 2610 Anne
703 2545 815 2622 Fabri,
829 2545 863 2608 in
881 2543 981 2608 Notis
1001 2541 1044 2608 ud
1060 2541 1239 2624 Prologum

147 2644 255 2709 nostri
272 2642 433 2708 Auctoris
446 2651 479 2708 et
493 2644 538 2711 ud
560 2645 620 2709 lib.
636 2662 686 2710 tv,
700 2664 777 2728 cop.
790 2645 844 2710 21.
889 2641 987 2722 Quos
1009 2641 1067 2706 alii
1087 2642 1240 2724 plerique

149 2751 348 2828 sequuntur.
391 2743 465 2825 Ego
480 2763 561 2809 vero
574 2747 769 2829 neutiquam
782 2744 850 2809 illis
871 2744 1046 2821 assentior,
1061 2750 1097 2807 et
1110 2750 1241 2806 contru-

147 2846 248 2922 rlum,
260 2845 329 2908 nisi
343 2844 449 2919 fallor,
463 2844 605 2928 liquebit
618 2845 834 2909 clarissimum
848 2844 883 2907 in
895 2842 1030 2907 modom
1040 2859 1086 2905 ex
1098 2840 1152 2918 iis,
1164 2859 1241 2923 quse

149 2944 276 3009 dicem.
321 2942 422 3023 Prius
439 2952 551 3008 eutem
567 2946 754 3021 ostendam,
764 2943 853 3027 quod
868 2945 962 3026 prius
976 2942 1087 3026 posui,
1102 2940 1242 3006 Greecor

150 3045 256 3108 morlo
270 3051 475 3109 memoratos
492 3064 561 3109 non
584 3046 686 3110 elium
707 3046 864 3113 habuisse
880 3051 938 3110 eut
959 3044 1094 3107 novisse
1110 3042 1243 3124 Dictyn,

152 3166 258 3229 quern
270 3145 361 3209 bunc
375 3144 546 3228 Septimii.
1239 3190 1249 3207 .

200 3262 259 3309 ιιι.
282 3246 323 3310 id
346 3265 425 3311 vero
439 3244 657 3310 'manifestum
678 3265 722 3309 ex
742 3241 900 3327 eo‚quotl
925 3259 1021 3304 suurn
1048 3238 1173 3320 Dictyn
1187 3255 1244 3317 ur·

153 3353 301 3411 noscunt
312 3346 429 3412 itidem
443 3351 591 3428 tempore
604 3346 737 3411 demum
750 3344 885 3409 Claudii
903 3340 958 3403 rel
975 3336 1123 3402 Neronis
1132 3338 1245 3400 inven-

157 3453 289 3521 tum,et
309 3447 420 3511 eodem
447 3446 584 3529 quidem
609 3447 721 3524 modo,
737 3464 803 3529 quo
825 3442 858 3506 id
882 3438 977 3502 nobis
998 3445 1109 3501 narret
1133 3436 1244 3520 Septi·

155 3545 260 3621 mins,
276 3545 403 3610 scilieet
415 3547 451 3609 in
474 3547 632 3630 sepulcro
654 3547 757 3621 illius,
775 3550 815 3607 nt
835 3542 940 3618 mont,
955 3540 1109 3622 Diotyos,
1125 3546 1243 3623 operto

154 3665 220 3730 per
243 3653 340 3711 terrm
360 3654 499 3722 motum,
522 3654 558 3709 et
584 3646 682 3711 isthic
701 3645 837 3730 quidem
860 3644 887 3706 b
909 3639 1093 3725 κασσιτιρῐιφ
1108 3637 1244 3724 κιβωτίῳ,

154 3750 214 3812 ‘in
235 3748 352 3813 uroulu
374 3745 534 3812 stanneo?
588 3747 643 3812 Ite
664 3753 749 3812 certe
778 3744 913 3820 Suides,
941 3752 975 3809 ot
1002 3740 1083 3806 Joh.
1105 3740 1243 3817 Malele,

155 3868 261 3933 quem
274 3848 406 3923 rideas,
426 3856 548 3911 etcum
565 3849 677 3913 lebni
693 3848 834 3932 Dictyos
848 3844 1002 3927 Prologis
1017 3840 1165 3907 conteror
1187 3859 1244 3904 ve·

157 3946 411 4032 lim,pug.168.
427 3955 464 4012 et
477 3950 622 4014 maxime
637 3969 714 4033 pug.
725 3949 801 4015 3222.

200 4066 252 4113 ιν.
276 4047 368 4113 Num
396 4049 488 4132 quod
514 4050 577 4113 sub
599 4048 742 4115 Claudio
768 4045 899 4132 proprie
921 4045 1089 4109 inventum
1115 4042 1247 4108 uadunt

150 4169 256 4235 quem
287 4148 471 4233 Septimius
492 4150 554 4217 sub
587 4149 719 4227 Nerone
748 4150 808 4226 uit,
835 4146 870 4213 id
891 4152 1001 4211 ortum
1023 4162 1068 4208 ex
1090 4162 1141 4219 eo,
1157 4141 1246 4224 quod
