<?xml version="1.0" encoding="UTF-8"?>
<!DOCTYPE html PUBLIC "-//W3C//DTD XHTML 1.0 Transitional//EN"
    "http://www.w3.org/TR/xhtml1/DTD/xhtml1-transitional.dtd">
<html xmlns="http://www.w3.org/1999/xhtml" xml:lang="en" lang="en">
 <head>
  <title>
</title>
<meta http-equiv="Content-Type" content="text/html;charset=utf-8" />
  <meta name='ocr-system' content='tesseract 3.04.00' />
  <meta name='ocr-capabilities' content='ocr_page ocr_carea ocr_par ocr_line ocrx_word'/>
</head>
<body>
  <div class='ocr_page' id='page_1' title='image "./debellotrojano00josegoog_0198.png"; bbox 0 0 2980 4916; ppageno 0'>
   <div class='ocr_carea' id='block_1_1' title="bbox 413 393 1234 459">
    <p class='ocr_par' dir='ltr' id='par_1_1' title="bbox 413 393 1234 459">
     <span class='ocr_line' id='line_1_1' title="bbox 413 393 1234 459; baseline 0.01 -9"><span class='ocrx_word' id='word_1_1' title='bbox 413 404 463 451; x_wconf 83' lang='lat' dir='ltr'><strong>nn</strong></span> <span class='ocrx_word' id='word_1_2' title='bbox 486 402 607 451; x_wconf 79' lang='lat' dir='ltr'><strong>senno</strong></span> <span class='ocrx_word' id='word_1_3' title='bbox 630 402 800 453; x_wconf 68' lang='lat' dir='ltr'><strong>rnosluo</strong></span> <span class='ocrx_word' id='word_1_4' title='bbox 826 406 896 455; x_wconf 79' lang='lat' dir='ltr'><strong>nin.</strong></span> <span class='ocrx_word' id='word_1_5' title='bbox 919 407 974 454; x_wconf 80' lang='grc' dir='ltr'><strong>ιιι.</strong></span> <span class='ocrx_word' id='word_1_6' title='bbox 1170 393 1234 459; x_wconf 74' lang='grc'><strong>181</strong></span> 
     </span>
    </p>
   </div>
   <div class='ocr_carea' id='block_1_2' title="bbox 126 544 1234 3159">
    <p class='ocr_par' dir='ltr' id='par_1_2' title="bbox 126 544 1234 3159">
     <span class='ocr_line' id='line_1_2' title="bbox 126 544 1233 634; baseline 0.002 -17"><span class='ocrx_word' id='word_1_7' title='bbox 126 552 257 617; x_wconf 80' lang='lat' dir='ltr'><strong>dimite</strong></span> <span class='ocrx_word' id='word_1_8' title='bbox 277 544 547 625; x_wconf 63' lang='lat' dir='ltr'><strong>memoriosis</strong></span> <span class='ocrx_word' id='word_1_9' title='bbox 574 545 651 610; x_wconf 90' lang='lat' dir='ltr'><strong>hino</strong></span> <span class='ocrx_word' id='word_1_10' title='bbox 674 552 774 630; x_wconf 87' lang='lat' dir='ltr'><strong>utque</strong></span> <span class='ocrx_word' id='word_1_11' title='bbox 797 547 876 612; x_wconf 92' lang='lat' dir='ltr'><strong>iude</strong></span> <span class='ocrx_word' id='word_1_12' title='bbox 901 550 1047 615; x_wconf 81' lang='lat' dir='ltr'>crinibus</span> <span class='ocrx_word' id='word_1_13' title='bbox 1068 554 1233 634; x_wconf 78' lang='lat' dir='ltr'><strong>procube-</strong></span> 
     </span>
     <span class='ocr_line' id='line_1_3' title="bbox 132 642 1231 734; baseline 0.003 -19"><span class='ocrx_word' id='word_1_14' title='bbox 132 661 206 730; x_wconf 88' lang='lat' dir='ltr'><strong>tur,</strong></span> <span class='ocrx_word' id='word_1_15' title='bbox 220 655 415 731; x_wconf 74' lang='lat' dir='ltr'>suggerente</span> <span class='ocrx_word' id='word_1_16' title='bbox 428 646 496 710; x_wconf 90' lang='lat' dir='ltr'><strong>sibi</strong></span> <span class='ocrx_word' id='word_1_17' title='bbox 510 642 701 728; x_wconf 63' lang='lat' dir='ltr'><strong>Polyxene</strong></span> <span class='ocrx_word' id='word_1_18' title='bbox 727 652 923 729; x_wconf 77' lang='lat' dir='ltr'><strong>apparatum</strong></span> <span class='ocrx_word' id='word_1_19' title='bbox 946 652 1032 715; x_wconf 81' lang='lat' dir='ltr'><strong>seori</strong></span> <span class='ocrx_word' id='word_1_20' title='bbox 1048 651 1132 734; x_wconf 82' lang='lat' dir='ltr'><strong>ejus.</strong></span> <span class='ocrx_word' id='word_1_21' title='bbox 1175 651 1231 718; x_wconf 85' lang='lat' dir='ltr'><strong>Ao</strong></span> 
     </span>
     <span class='ocr_line' id='line_1_4' title="bbox 134 747 1233 834; baseline 0.001 -17"><span class='ocrx_word' id='word_1_22' title='bbox 134 759 211 816; x_wconf 89' lang='lat' dir='ltr'><strong>tum</strong></span> <span class='ocrx_word' id='word_1_23' title='bbox 232 751 318 815; x_wconf 78' lang='lat' dir='ltr'><strong>torte</strong></span> <span class='ocrx_word' id='word_1_24' title='bbox 331 747 493 825; x_wconf 83' lang='lat' dir='ltr'><strong>Achilles,</strong></span> <span class='ocrx_word' id='word_1_25' title='bbox 508 748 619 811; x_wconf 84' lang='lat' dir='ltr'><strong>versis</strong></span> <span class='ocrx_word' id='word_1_26' title='bbox 633 747 668 810; x_wconf 93' lang='lat' dir='ltr'><strong>in</strong></span> <span class='ocrx_word' id='word_1_27' title='bbox 686 747 895 831; x_wconf 72' lang='lat' dir='ltr'><strong>Polyxenam</strong></span> <span class='ocrx_word' id='word_1_28' title='bbox 911 751 1031 828; x_wconf 86' lang='lat' dir='ltr'><strong>oeulis,</strong></span> <span class='ocrx_word' id='word_1_29' title='bbox 1052 752 1233 834; x_wconf 81' lang='lat' dir='ltr'><strong>pulchritu-</strong></span> 
     </span>
     <span class='ocr_line' id='line_1_5' title="bbox 135 849 1232 932; baseline 0.001 -16"><span class='ocrx_word' id='word_1_30' title='bbox 135 853 219 916; x_wconf 91' lang='lat' dir='ltr'><strong>dine</strong></span> <span class='ocrx_word' id='word_1_31' title='bbox 246 850 381 932; x_wconf 81' lang='lat' dir='ltr'><strong>virginis</strong></span> <span class='ocrx_word' id='word_1_32' title='bbox 410 849 566 931; x_wconf 80' lang='lat' dir='ltr'><strong>eapitur:</strong></span> <span class='ocrx_word' id='word_1_33' title='bbox 589 853 755 931; x_wconf 81' lang='lat' dir='ltr'><strong>auctoque</strong></span> <span class='ocrx_word' id='word_1_34' title='bbox 785 849 818 912; x_wconf 94' lang='lat' dir='ltr'><strong>in</strong></span> <span class='ocrx_word' id='word_1_35' title='bbox 846 849 944 914; x_wconf 80' lang='lat' dir='ltr'><strong>hores</strong></span> <span class='ocrx_word' id='word_1_36' title='bbox 974 850 1150 930; x_wconf 85' lang='lat' dir='ltr'><strong>desiderio,</strong></span> <span class='ocrx_word' id='word_1_37' title='bbox 1171 854 1232 917; x_wconf 89' lang='lat' dir='ltr'><strong>ubi</strong></span> 
     </span>
     <span class='ocr_line' id='line_1_6' title="bbox 137 949 1232 1034; baseline 0 -17"><span class='ocrx_word' id='word_1_38' title='bbox 137 953 270 1017; x_wconf 80' lang='lat' dir='ltr'><strong>enimus</strong></span> <span class='ocrx_word' id='word_1_39' title='bbox 283 970 351 1014; x_wconf 87' lang='lat' dir='ltr'><strong>non</strong></span> <span class='ocrx_word' id='word_1_40' title='bbox 363 950 494 1026; x_wconf 84' lang='lat' dir='ltr'><strong>lenitur,</strong></span> <span class='ocrx_word' id='word_1_41' title='bbox 509 949 554 1012; x_wconf 83' lang='lat' dir='ltr'><strong>ud</strong></span> <span class='ocrx_word' id='word_1_42' title='bbox 568 968 673 1013; x_wconf 84' lang='lat' dir='ltr'><strong>naves</strong></span> <span class='ocrx_word' id='word_1_43' title='bbox 689 950 843 1015; x_wconf 78' lang='lat' dir='ltr'><strong>discedit.</strong></span> <span class='ocrx_word' id='word_1_44' title='bbox 886 949 953 1014; x_wconf 90' lang='lat' dir='ltr'><strong>Sed</strong></span> <span class='ocrx_word' id='word_1_45' title='bbox 968 950 1028 1014; x_wconf 91' lang='lat' dir='ltr'><strong>uhi</strong></span> <span class='ocrx_word' id='word_1_46' title='bbox 1043 951 1115 1015; x_wconf 86' lang='lat' dir='ltr'><strong>dies</strong></span> <span class='ocrx_word' id='word_1_47' title='bbox 1128 955 1232 1034; x_wconf 83' lang='lat' dir='ltr'><strong>penei</strong></span> 
     </span>
     <span class='ocr_line' id='line_1_7' title="bbox 136 1050 1232 1132; baseline -0.001 -15"><span class='ocrx_word' id='word_1_48' title='bbox 136 1051 573 1132; x_wconf 83' lang='lat' dir='ltr'><strong>fluxere,etnmor1uugis</strong></span> <span class='ocrx_word' id='word_1_49' title='bbox 596 1050 810 1131; x_wconf 76' lang='lat' dir='ltr'><strong>ingravescit,</strong></span> <span class='ocrx_word' id='word_1_50' title='bbox 836 1052 944 1116; x_wconf 82' lang='lat' dir='ltr'><strong>accito</strong></span> <span class='ocrx_word' id='word_1_51' title='bbox 967 1050 1232 1130; x_wconf 86' lang='lat' dir='ltr'><strong>Automedonte,</strong></span> 
     </span>
     <span class='ocr_line' id='line_1_8' title="bbox 134 1151 1234 1236; baseline 0 -18"><span class='ocrx_word' id='word_1_52' title='bbox 134 1155 242 1236; x_wconf 77' lang='lat' dir='ltr'><strong>aperit</strong></span> <span class='ocrx_word' id='word_1_53' title='bbox 256 1152 413 1217; x_wconf 82' lang='lat' dir='ltr'><strong>ardorem</strong></span> <span class='ocrx_word' id='word_1_54' title='bbox 426 1151 550 1215; x_wconf 81' lang='lat' dir='ltr'><strong>enimi:</strong></span> <span class='ocrx_word' id='word_1_55' title='bbox 573 1151 617 1214; x_wconf 82' lang='lat' dir='ltr'><strong>ad</strong></span> <span class='ocrx_word' id='word_1_56' title='bbox 631 1155 832 1233; x_wconf 88' lang='lat' dir='ltr'><strong>postremum</strong></span> <span class='ocrx_word' id='word_1_57' title='bbox 848 1158 966 1234; x_wconf 65' lang='lat' dir='ltr'><strong>roget,2</strong></span> <span class='ocrx_word' id='word_1_58' title='bbox 982 1153 1032 1217; x_wconf 94' lang='lat' dir='ltr'><strong>uti</strong></span> <span class='ocrx_word' id='word_1_59' title='bbox 1046 1153 1089 1216; x_wconf 83' lang='lat' dir='ltr'><strong>ed</strong></span> <span class='ocrx_word' id='word_1_60' title='bbox 1105 1151 1234 1218; x_wconf 83' lang='lat' dir='ltr'><strong>Hecto·</strong></span> 
     </span>
     <span class='ocr_line' id='line_1_9' title="bbox 131 1251 1233 1336; baseline 0 -18"><span class='ocrx_word' id='word_1_61' title='bbox 131 1274 206 1318; x_wconf 88' lang='lat' dir='ltr'><strong>rem</strong></span> <span class='ocrx_word' id='word_1_62' title='bbox 219 1254 364 1336; x_wconf 78' lang='lat' dir='ltr'><strong>virginis</strong></span> <span class='ocrx_word' id='word_1_63' title='bbox 378 1272 480 1317; x_wconf 81' lang='lat' dir='ltr'><strong>ceusu</strong></span> <span class='ocrx_word' id='word_1_64' title='bbox 494 1253 569 1317; x_wconf 88' lang='lat' dir='ltr'><strong>iret.</strong></span> <span class='ocrx_word' id='word_1_65' title='bbox 614 1251 832 1318; x_wconf 82' lang='lat' dir='ltr'><strong>Heotorvero</strong></span> <span class='ocrx_word' id='word_1_66' title='bbox 846 1252 1001 1318; x_wconf 74' lang='lat' dir='ltr'><strong>daturum</strong></span> <span class='ocrx_word' id='word_1_67' title='bbox 1016 1273 1053 1318; x_wconf 89' lang='lat' dir='ltr'><strong>se</strong></span> <span class='ocrx_word' id='word_1_68' title='bbox 1068 1254 1104 1317; x_wconf 90' lang='lat' dir='ltr'><strong>in</strong></span> <span class='ocrx_word' id='word_1_69' title='bbox 1119 1255 1233 1319; x_wconf 84' lang='lat' dir='ltr'><strong>metri·</strong></span> 
     </span>
     <span class='ocr_line' id='line_1_10' title="bbox 136 1353 1232 1438; baseline 0.001 -19"><span class='ocrx_word' id='word_1_70' title='bbox 136 1357 289 1419; x_wconf 89' lang='lat' dir='ltr'><strong>monium</strong></span> <span class='ocrx_word' id='word_1_71' title='bbox 305 1373 446 1418; x_wconf 84' lang='lat' dir='ltr'><strong>sororem</strong></span> <span class='ocrx_word' id='word_1_72' title='bbox 457 1353 608 1433; x_wconf 81' lang='lat' dir='ltr'><strong>mundat,</strong></span> <span class='ocrx_word' id='word_1_73' title='bbox 630 1354 659 1418; x_wconf 87' lang='lat' dir='ltr'><strong>si</strong></span> <span class='ocrx_word' id='word_1_74' title='bbox 674 1354 738 1418; x_wconf 93' lang='lat' dir='ltr'><strong>sibi</strong></span> <span class='ocrx_word' id='word_1_75' title='bbox 752 1354 942 1420; x_wconf 86' lang='lat' dir='ltr'><strong>universnm</strong></span> <span class='ocrx_word' id='word_1_76' title='bbox 957 1356 1139 1420; x_wconf 85' lang='lat' dir='ltr'><strong>exereitum</strong></span> <span class='ocrx_word' id='word_1_77' title='bbox 1154 1372 1232 1438; x_wconf 85' lang='lat' dir='ltr'><strong>pro·</strong></span> 
     </span>
     <span class='ocr_line' id='line_1_11' title="bbox 138 1451 1231 1539; baseline 0.002 -21"><span class='ocrx_word' id='word_1_78' title='bbox 138 1451 259 1519; x_wconf 67' lang='lat' dir='ltr'><strong>deret.k</strong></span> <span class='ocrx_word' id='word_1_79' title='bbox 300 1454 363 1538; x_wconf 78' lang='grc'><strong>[3.]</strong></span> <span class='ocrx_word' id='word_1_80' title='bbox 385 1455 474 1520; x_wconf 89' lang='lat' dir='ltr'><strong>Dein</strong></span> <span class='ocrx_word' id='word_1_81' title='bbox 488 1454 650 1533; x_wconf 87' lang='lat' dir='ltr'><strong>Achilles,</strong></span> <span class='ocrx_word' id='word_1_82' title='bbox 665 1456 851 1521; x_wconf 89' lang='lat' dir='ltr'><strong>soluturum</strong></span> <span class='ocrx_word' id='word_1_83' title='bbox 866 1476 902 1520; x_wconf 88' lang='lat' dir='ltr'><strong>se</strong></span> <span class='ocrx_word' id='word_1_84' title='bbox 916 1475 1012 1521; x_wconf 89' lang='lat' dir='ltr'><strong>omne</strong></span> <span class='ocrx_word' id='word_1_85' title='bbox 1028 1456 1149 1520; x_wconf 89' lang='lat' dir='ltr'><strong>bollum</strong></span> <span class='ocrx_word' id='word_1_86' title='bbox 1168 1476 1231 1539; x_wconf 87' lang='lat' dir='ltr'><strong>pro</strong></span> 
     </span>
     <span class='ocr_line' id='line_1_12' title="bbox 138 1554 1232 1641; baseline 0.005 -23"><span class='ocrx_word' id='word_1_87' title='bbox 138 1554 321 1638; x_wconf 74' lang='lat' dir='ltr'><strong>Polyxena</strong></span> <span class='ocrx_word' id='word_1_88' title='bbox 336 1557 486 1633; x_wconf 73' lang='lat' dir='ltr'><strong>trudito,³</strong></span> <span class='ocrx_word' id='word_1_89' title='bbox 509 1557 692 1639; x_wconf 84' lang='lat' dir='ltr'><strong>pollicetur.</strong></span> <span class='ocrx_word' id='word_1_90' title='bbox 735 1557 821 1621; x_wconf 85' lang='lat' dir='ltr'><strong>Turn</strong></span> <span class='ocrx_word' id='word_1_91' title='bbox 836 1557 976 1635; x_wconf 86' lang='lat' dir='ltr'><strong>Hector,</strong></span> <span class='ocrx_word' id='word_1_92' title='bbox 993 1565 1050 1623; x_wconf 82' lang='lat' dir='ltr'><strong>eut</strong></span> <span class='ocrx_word' id='word_1_93' title='bbox 1070 1558 1232 1641; x_wconf 85' lang='lat' dir='ltr'><strong>proditio·</strong></span> 
     </span>
     <span class='ocr_line' id='line_1_13' title="bbox 134 1657 1230 1741; baseline 0.002 -20"><span class='ocrx_word' id='word_1_94' title='bbox 134 1676 212 1721; x_wconf 90' lang='lat' dir='ltr'><strong>nom</strong></span> <span class='ocrx_word' id='word_1_95' title='bbox 225 1658 270 1722; x_wconf 84' lang='lat' dir='ltr'><strong>eb</strong></span> <span class='ocrx_word' id='word_1_96' title='bbox 280 1677 323 1722; x_wconf 90' lang='lat' dir='ltr'><strong>eo</strong></span> <span class='ocrx_word' id='word_1_97' title='bbox 334 1657 603 1735; x_wconf 77' lang='lat' dir='ltr'><strong>confirmandum,</strong></span> <span class='ocrx_word' id='word_1_98' title='bbox 613 1664 669 1722; x_wconf 83' lang='lat' dir='ltr'><strong>eut</strong></span> <span class='ocrx_word' id='word_1_99' title='bbox 682 1657 770 1722; x_wconf 87' lang='lat' dir='ltr'><strong>filios</strong></span> <span class='ocrx_word' id='word_1_100' title='bbox 779 1657 962 1723; x_wconf 81' lang='lat' dir='ltr'><strong>Plisthenis</strong></span> <span class='ocrx_word' id='word_1_101' title='bbox 975 1665 1078 1741; x_wconf 84' lang='lat' dir='ltr'><strong>etque</strong></span> <span class='ocrx_word' id='word_1_102' title='bbox 1089 1657 1230 1741; x_wconf 83' lang='lat' dir='ltr'><strong>AJ&#39;ooem</strong></span> 
     </span>
     <span class='ocr_line' id='line_1_14' title="bbox 137 1756 1231 1840; baseline 0.001 -19"><span class='ocrx_word' id='word_1_103' title='bbox 137 1758 414 1823; x_wconf 83' lang='lat' dir='ltr'><strong>interficiendos:</strong></span> <span class='ocrx_word' id='word_1_104' title='bbox 437 1756 539 1823; x_wconf 77' lang='lat' dir='ltr'><strong>elies¹</strong></span> <span class='ocrx_word' id='word_1_105' title='bbox 561 1758 604 1824; x_wconf 91' lang='lat' dir='ltr'><strong>de</strong></span> <span class='ocrx_word' id='word_1_106' title='bbox 627 1758 687 1823; x_wconf 84' lang='lat' dir='ltr'><strong>teli</strong></span> <span class='ocrx_word' id='word_1_107' title='bbox 711 1759 844 1840; x_wconf 73' lang='lat' dir='ltr'><strong>negotio</strong></span> <span class='ocrx_word' id='word_1_108' title='bbox 869 1759 953 1822; x_wconf 89' lang='lat' dir='ltr'><strong>nihil</strong></span> <span class='ocrx_word' id='word_1_109' title='bbox 978 1778 1015 1823; x_wconf 90' lang='lat' dir='ltr'><strong>se</strong></span> <span class='ocrx_word' id='word_1_110' title='bbox 1030 1760 1231 1825; x_wconf 78' lang='lat' dir='ltr'><strong>auditurum.</strong></span> 
     </span>
     <span class='ocr_line' id='line_1_15' title="bbox 137 1858 1234 1942; baseline 0.004 -19"><span class='ocrx_word' id='word_1_111' title='bbox 137 1858 191 1923; x_wconf 83' lang='lat' dir='ltr'><strong>Eo</strong></span> <span class='ocrx_word' id='word_1_112' title='bbox 205 1861 265 1925; x_wconf 89' lang='lat' dir='ltr'><strong>ubi</strong></span> <span class='ocrx_word' id='word_1_113' title='bbox 280 1859 436 1926; x_wconf 87' lang='lat' dir='ltr'><strong>Achilles</strong></span> <span class='ocrx_word' id='word_1_114' title='bbox 456 1860 600 1942; x_wconf 82' lang='lat' dir='ltr'><strong>accepit,</strong></span> <span class='ocrx_word' id='word_1_115' title='bbox 622 1861 672 1925; x_wconf 81' lang='lat' dir='ltr'><strong>ire</strong></span> <span class='ocrx_word' id='word_1_116' title='bbox 692 1859 842 1924; x_wconf 87' lang='lat' dir='ltr'><strong>concitus</strong></span> <span class='ocrx_word' id='word_1_117' title='bbox 865 1859 1043 1930; x_wconf 77' lang='lat' dir='ltr'><strong>exclamet,</strong></span> <span class='ocrx_word' id='word_1_118' title='bbox 1068 1879 1105 1924; x_wconf 87' lang='lat' dir='ltr'><strong>se</strong></span> <span class='ocrx_word' id='word_1_119' title='bbox 1129 1869 1234 1938; x_wconf 83' lang='lat' dir='ltr'><strong>eum,⁴</strong></span> 
     </span>
     <span class='ocr_line' id='line_1_16' title="bbox 141 1960 1233 2044; baseline 0.002 -21"><span class='ocrx_word' id='word_1_120' title='bbox 141 1961 380 2043; x_wconf 81' lang='lat' dir='ltr'><strong>cumprimum</strong></span> <span class='ocrx_word' id='word_1_121' title='bbox 405 1968 536 2044; x_wconf 88' lang='lat' dir='ltr'><strong>tempus</strong></span> <span class='ocrx_word' id='word_1_122' title='bbox 561 1960 708 2039; x_wconf 84' lang='lat' dir='ltr'><strong>helleudi</strong></span> <span class='ocrx_word' id='word_1_123' title='bbox 732 1960 831 2038; x_wconf 81' lang='lat' dir='ltr'><strong>foret,</strong></span> <span class='ocrx_word' id='word_1_124' title='bbox 845 1962 1101 2025; x_wconf 85' lang='lat' dir='ltr'><strong>interemtumm.</strong></span> <span class='ocrx_word' id='word_1_125' title='bbox 1145 1961 1233 2025; x_wconf 88' lang='lat' dir='ltr'><strong>Dein</strong></span> 
     </span>
     <span class='ocr_line' id='line_1_17' title="bbox 144 2059 1232 2144; baseline 0.002 -20"><span class='ocrx_word' id='word_1_126' title='bbox 144 2063 245 2124; x_wconf 82' lang='lat' dir='ltr'><strong>enimi</strong></span> <span class='ocrx_word' id='word_1_127' title='bbox 253 2061 440 2144; x_wconf 77' lang='lat' dir='ltr'><strong>jactatione</strong></span> <span class='ocrx_word' id='word_1_128' title='bbox 450 2062 598 2139; x_wconf 77' lang='lat' dir='ltr'><strong>saueius,</strong></span> <span class='ocrx_word' id='word_1_129' title='bbox 610 2061 674 2125; x_wconf 87' lang='lat' dir='ltr'><strong>hnc</strong></span> <span class='ocrx_word' id='word_1_130' title='bbox 686 2067 788 2144; x_wconf 83' lang='lat' dir='ltr'><strong>etque</strong></span> <span class='ocrx_word' id='word_1_131' title='bbox 798 2060 877 2126; x_wconf 88' lang='lat' dir='ltr'><strong>illue</strong></span> <span class='ocrx_word' id='word_1_132' title='bbox 889 2062 1057 2138; x_wconf 79' lang='lat' dir='ltr'><strong>oberrans,</strong></span> <span class='ocrx_word' id='word_1_133' title='bbox 1069 2059 1232 2126; x_wconf 88' lang='lat' dir='ltr'><strong>interdum</strong></span> 
     </span>
     <span class='ocr_line' id='line_1_18' title="bbox 140 2162 1233 2246; baseline 0 -20"><span class='ocrx_word' id='word_1_134' title='bbox 140 2168 249 2226; x_wconf 82' lang='lat' dir='ltr'><strong>tomen</strong></span> <span class='ocrx_word' id='word_1_135' title='bbox 275 2172 442 2245; x_wconf 81' lang='lat' dir='ltr'><strong>qnatenus</strong></span> <span class='ocrx_word' id='word_1_136' title='bbox 464 2164 623 2245; x_wconf 75' lang='lat' dir='ltr'><strong>praesenti</strong></span> <span class='ocrx_word' id='word_1_137' title='bbox 645 2164 778 2246; x_wconf 80' lang='lat' dir='ltr'><strong>negotio</strong></span> <span class='ocrx_word' id='word_1_138' title='bbox 800 2162 963 2228; x_wconf 89' lang='lat' dir='ltr'><strong>utendum</strong></span> <span class='ocrx_word' id='word_1_139' title='bbox 987 2170 1078 2226; x_wconf 87' lang='lat' dir='ltr'><strong>esset</strong></span> <span class='ocrx_word' id='word_1_140' title='bbox 1098 2162 1233 2226; x_wconf 85' lang='lat' dir='ltr'><strong>eonsul-</strong></span> 
     </span>
     <span class='ocr_line' id='line_1_19' title="bbox 139 2261 1232 2346; baseline 0 -19"><span class='ocrx_word' id='word_1_141' title='bbox 139 2268 220 2329; x_wconf 86' lang='lat' dir='ltr'><strong>ture.</strong></span> <span class='ocrx_word' id='word_1_142' title='bbox 264 2262 315 2328; x_wconf 87' lang='lat' dir='ltr'><strong>At</strong></span> <span class='ocrx_word' id='word_1_143' title='bbox 328 2265 387 2329; x_wconf 92' lang='lat' dir='ltr'><strong>uhi</strong></span> <span class='ocrx_word' id='word_1_144' title='bbox 400 2284 477 2329; x_wconf 90' lang='lat' dir='ltr'><strong>enm</strong></span> <span class='ocrx_word' id='word_1_145' title='bbox 490 2262 705 2329; x_wconf 79' lang='lat' dir='ltr'><strong>Automedon</strong></span> <span class='ocrx_word' id='word_1_146' title='bbox 717 2263 839 2346; x_wconf 77' lang='lat' dir='ltr'><strong>jactari</strong></span> <span class='ocrx_word' id='word_1_147' title='bbox 852 2263 975 2339; x_wconf 62' lang='lat' dir='ltr'><strong>animm</strong></span> <span class='ocrx_word' id='word_1_148' title='bbox 991 2268 1091 2346; x_wconf 82' lang='lat' dir='ltr'><strong>utque</strong></span> <span class='ocrx_word' id='word_1_149' title='bbox 1112 2261 1146 2324; x_wconf 90' lang='lat' dir='ltr'><strong>in</strong></span> <span class='ocrx_word' id='word_1_150' title='bbox 1159 2261 1232 2327; x_wconf 88' lang='lat' dir='ltr'><strong>dies</strong></span> 
     </span>
     <span class='ocr_line' id='line_1_20' title="bbox 141 2364 1233 2451; baseline 0.001 -23"><span class='ocrx_word' id='word_1_151' title='bbox 141 2365 251 2447; x_wconf 75' lang='lat' dir='ltr'><strong>magis</strong></span> <span class='ocrx_word' id='word_1_152' title='bbox 277 2368 447 2451; x_wconf 76' lang='lat' dir='ltr'><strong>magisque</strong></span> <span class='ocrx_word' id='word_1_153' title='bbox 471 2372 615 2432; x_wconf 82' lang='lat' dir='ltr'><strong>aestunre</strong></span> <span class='ocrx_word' id='word_1_154' title='bbox 638 2364 821 2442; x_wconf 84' lang='lat' dir='ltr'><strong>desiderio,</strong></span> <span class='ocrx_word' id='word_1_155' title='bbox 847 2383 888 2429; x_wconf 86' lang='lat' dir='ltr'><strong>eo</strong></span> <span class='ocrx_word' id='word_1_156' title='bbox 915 2369 1110 2447; x_wconf 79' lang='lat' dir='ltr'><strong>pernoctare</strong></span> <span class='ocrx_word' id='word_1_157' title='bbox 1136 2370 1233 2429; x_wconf 85' lang='lat' dir='ltr'><strong>extru</strong></span> 
     </span>
     <span class='ocr_line' id='line_1_21' title="bbox 141 2464 1233 2548; baseline 0.002 -19"><span class='ocrx_word' id='word_1_158' title='bbox 141 2466 283 2530; x_wconf 81' lang='lat' dir='ltr'><strong>tentorio</strong></span> <span class='ocrx_word' id='word_1_159' title='bbox 310 2467 697 2544; x_wconf 67' lang='lat' dir='ltr'><strong>animadvertitveritus,</strong></span> <span class='ocrx_word' id='word_1_160' title='bbox 719 2484 763 2529; x_wconf 89' lang='lat' dir='ltr'><strong>ne</strong></span> <span class='ocrx_word' id='word_1_161' title='bbox 790 2465 870 2548; x_wconf 89' lang='lat' dir='ltr'><strong>quid</strong></span> <span class='ocrx_word' id='word_1_162' title='bbox 894 2464 1142 2542; x_wconf 78' lang='lat' dir='ltr'><strong>adversumne,</strong></span> <span class='ocrx_word' id='word_1_163' title='bbox 1173 2474 1233 2531; x_wconf 83' lang='lat' dir='ltr'><strong>eut</strong></span> 
     </span>
     <span class='ocr_line' id='line_1_22' title="bbox 142 2565 1231 2652; baseline 0.002 -22"><span class='ocrx_word' id='word_1_164' title='bbox 142 2568 179 2631; x_wconf 91' lang='lat' dir='ltr'><strong>in</strong></span> <span class='ocrx_word' id='word_1_165' title='bbox 200 2569 415 2650; x_wconf 78' lang='lat' dir='ltr'><strong>supradictos</strong></span> <span class='ocrx_word' id='word_1_166' title='bbox 435 2587 528 2652; x_wconf 81' lang='lat' dir='ltr'><strong>reges</strong></span> <span class='ocrx_word' id='word_1_167' title='bbox 549 2567 730 2645; x_wconf 82' lang='lat' dir='ltr'><strong>moliretur,</strong></span> <span class='ocrx_word' id='word_1_168' title='bbox 745 2566 905 2631; x_wconf 81' lang='lat' dir='ltr'><strong>Patroclo</strong></span> <span class='ocrx_word' id='word_1_169' title='bbox 923 2566 1028 2651; x_wconf 81' lang='lat' dir='ltr'><strong>&#39;etque</strong></span> <span class='ocrx_word' id='word_1_170' title='bbox 1042 2565 1140 2650; x_wconf 83' lang='lat' dir='ltr'><strong>Ajeei</strong></span> <span class='ocrx_word' id='word_1_171' title='bbox 1163 2586 1231 2632; x_wconf 87' lang='lat' dir='ltr'><strong>rem</strong></span> 
     </span>
     <span class='ocr_line' id='line_1_23' title="bbox 137 2668 1231 2754; baseline -0.002 -20"><span class='ocrx_word' id='word_1_172' title='bbox 137 2676 296 2734; x_wconf 80' lang='lat' dir='ltr'><strong>cunctam</strong></span> <span class='ocrx_word' id='word_1_173' title='bbox 321 2670 442 2753; x_wconf 82' lang='lat' dir='ltr'><strong>aperit</strong></span> <span class='ocrx_word' id='word_1_174' title='bbox 484 2668 601 2754; x_wconf 86' lang='lat' dir='ltr'><strong>Hique</strong></span> <span class='ocrx_word' id='word_1_175' title='bbox 625 2668 835 2733; x_wconf 76' lang='lat' dir='ltr'><strong>dissimulato</strong></span> <span class='ocrx_word' id='word_1_176' title='bbox 851 2669 941 2753; x_wconf 91' lang='lat' dir='ltr'><strong>quod</strong></span> <span class='ocrx_word' id='word_1_177' title='bbox 963 2669 1135 2734; x_wconf 80' lang='lat' dir='ltr'><strong>audierunt</strong></span> <span class='ocrx_word' id='word_1_178' title='bbox 1156 2688 1231 2733; x_wconf 85' lang='lat' dir='ltr'><strong>oum</strong></span> 
     </span>
     <span class='ocr_line' id='line_1_24' title="bbox 136 2768 1232 2855; baseline 0 -21"><span class='ocrx_word' id='word_1_179' title='bbox 136 2790 213 2854; x_wconf 80' lang='lat' dir='ltr'><strong>rege</strong></span> <span class='ocrx_word' id='word_1_180' title='bbox 224 2778 246 2805; x_wconf 84' lang='lat'><strong>¹¹²</strong></span> <span class='ocrx_word' id='word_1_181' title='bbox 269 2778 523 2836; x_wconf 80' lang='lat' dir='ltr'><strong>commorantur.</strong></span> <span class='ocrx_word' id='word_1_182' title='bbox 552 2768 605 2835; x_wconf 88' lang='lat' dir='ltr'><strong>Ac</strong></span> <span class='ocrx_word' id='word_1_183' title='bbox 619 2769 706 2835; x_wconf 89' lang='lat' dir='ltr'><strong>sorte</strong></span> <span class='ocrx_word' id='word_1_184' title='bbox 721 2770 867 2853; x_wconf 83' lang='lat' dir='ltr'><strong>quodem</strong></span> <span class='ocrx_word' id='word_1_185' title='bbox 880 2778 1027 2855; x_wconf 87' lang='lat' dir='ltr'><strong>tempore</strong></span> <span class='ocrx_word' id='word_1_186' title='bbox 1041 2770 1232 2836; x_wconf 81' lang='lat' dir='ltr'><strong>recordatus</strong></span> 
     </span>
     <span class='ocr_line' id='line_1_25' title="bbox 135 2870 1233 2955; baseline -0.002 -19"><span class='ocrx_word' id='word_1_187' title='bbox 135 2874 202 2951; x_wconf 85' lang='lat' dir='ltr'><strong>sni,</strong></span> <span class='ocrx_word' id='word_1_188' title='bbox 218 2875 416 2938; x_wconf 76' lang='lat' dir='ltr'><strong>convocetis</strong></span> <span class='ocrx_word' id='word_1_189' title='bbox 430 2870 680 2955; x_wconf 81' lang='lat' dir='ltr'><strong>Agamemnone</strong></span> <span class='ocrx_word' id='word_1_190' title='bbox 693 2878 727 2936; x_wconf 91' lang='lat' dir='ltr'><strong>et</strong></span> <span class='ocrx_word' id='word_1_191' title='bbox 738 2870 906 2948; x_wconf 75' lang='lat' dir='ltr'><strong>Menelao,</strong></span> <span class='ocrx_word' id='word_1_192' title='bbox 917 2873 1093 2955; x_wconf 76' lang='lat' dir='ltr'><strong>negotium,</strong></span> <span class='ocrx_word' id='word_1_193' title='bbox 1108 2876 1145 2935; x_wconf 89' lang='lat' dir='ltr'><strong>ut</strong></span> <span class='ocrx_word' id='word_1_194' title='bbox 1158 2890 1233 2953; x_wconf 78' lang='lat' dir='ltr'><strong>ges·</strong></span> 
     </span>
     <span class='ocr_line' id='line_1_26' title="bbox 133 2972 1234 3058; baseline -0.004 -19"><span class='ocrx_word' id='word_1_195' title='bbox 133 2980 205 3039; x_wconf 89' lang='lat' dir='ltr'><strong>tum</strong></span> <span class='ocrx_word' id='word_1_196' title='bbox 221 2980 308 3052; x_wconf 82' lang='lat' dir='ltr'><strong>erat,</strong></span> <span class='ocrx_word' id='word_1_197' title='bbox 322 2974 586 3058; x_wconf 83' lang='lat' dir='ltr'><strong>desideriumque</strong></span> <span class='ocrx_word' id='word_1_198' title='bbox 610 2974 712 3039; x_wconf 79' lang='lat' dir='ltr'><strong>animi</strong></span> <span class='ocrx_word' id='word_1_199' title='bbox 738 2975 866 3056; x_wconf 79' lang='lat' dir='ltr'><strong>aperit:</strong></span> <span class='ocrx_word' id='word_1_200' title='bbox 888 2992 910 3038; x_wconf 85' lang='lat' dir='ltr'><strong>a</strong></span> <span class='ocrx_word' id='word_1_201' title='bbox 924 2974 998 3056; x_wconf 88' lang='lat' dir='ltr'><strong>quis</strong></span> <span class='ocrx_word' id='word_1_202' title='bbox 1013 2972 1180 3049; x_wconf 90' lang='lat' dir='ltr'><strong>omnihus,</strong></span> <span class='ocrx_word' id='word_1_203' title='bbox 1193 2978 1234 3047; x_wconf 84' lang='lat' dir='ltr'><strong>ut</strong></span> 
     </span>
     <span class='ocr_line' id='line_1_27' title="bbox 134 3071 1234 3159; baseline -0.005 -19"><span class='ocrx_word' id='word_1_204' title='bbox 134 3077 231 3140; x_wconf 87' lang='lat' dir='ltr'><strong>hono</strong></span> <span class='ocrx_word' id='word_1_205' title='bbox 253 3078 369 3140; x_wconf 79' lang='lat' dir='ltr'><strong>auimo</strong></span> <span class='ocrx_word' id='word_1_206' title='bbox 393 3082 516 3159; x_wconf 77' lang='lat' dir='ltr'><strong>egeret,</strong></span> <span class='ocrx_word' id='word_1_207' title='bbox 538 3075 775 3158; x_wconf 89' lang='lat' dir='ltr'><strong>respondetur:</strong></span> <span class='ocrx_word' id='word_1_208' title='bbox 798 3076 892 3141; x_wconf 87' lang='lat' dir='ltr'><strong>brevi</strong></span> <span class='ocrx_word' id='word_1_209' title='bbox 915 3077 1041 3159; x_wconf 84' lang='lat' dir='ltr'><strong>quippe</strong></span> <span class='ocrx_word' id='word_1_210' title='bbox 1063 3071 1234 3135; x_wconf 88' lang='lat' dir='ltr'><strong>dominnm</strong></span> 
     </span>
    </p>
   </div>
   <div class='ocr_carea' id='block_1_3' title="bbox 137 3170 1233 3261">
    <p class='ocr_par' dir='ltr' id='par_1_3' title="bbox 137 3170 1233 3261">
     <span class='ocr_line' id='line_1_28' title="bbox 137 3170 1233 3261; baseline -0.006 -21"><span class='ocrx_word' id='word_1_211' title='bbox 137 3196 222 3241; x_wconf 87' lang='lat' dir='ltr'><strong>enm</strong></span> <span class='ocrx_word' id='word_1_212' title='bbox 236 3177 308 3242; x_wconf 82' lang='lat' dir='ltr'><strong>iore</strong></span> <span class='ocrx_word' id='word_1_213' title='bbox 319 3175 406 3259; x_wconf 87' lang='lat' dir='ltr'><strong>ejus,</strong></span> <span class='ocrx_word' id='word_1_214' title='bbox 420 3185 545 3261; x_wconf 86' lang='lat' dir='ltr'><strong>quem¹¹</strong></span> <span class='ocrx_word' id='word_1_215' title='bbox 567 3177 778 3261; x_wconf 78' lang='lat' dir='ltr'><strong>deprecando</strong></span> <span class='ocrx_word' id='word_1_216' title='bbox 800 3197 864 3241; x_wconf 89' lang='lat' dir='ltr'><strong>non</strong></span> <span class='ocrx_word' id='word_1_217' title='bbox 889 3170 1136 3259; x_wconf 78' lang='lat' dir='ltr'><strong>impetraverit:</strong></span> <span class='ocrx_word' id='word_1_218' title='bbox 1159 3186 1233 3251; x_wconf 79' lang='lat' dir='ltr'><strong>queo</strong></span> 
     </span>
    </p>
   </div>
   <div class='ocr_carea' id='block_1_4' title="bbox 135 3493 1235 3634">
    <p class='ocr_par' dir='ltr' id='par_1_4' title="bbox 135 3493 1235 3634">
     <span class='ocr_line' id='line_1_29' title="bbox 137 3493 1233 3562; baseline -0.007 -7"><span class='ocrx_word' id='word_1_219' title='bbox 137 3500 308 3555; x_wconf 74' lang='lat' dir='ltr'><strong>inserendum</strong></span> <span class='ocrx_word' id='word_1_220' title='bbox 325 3507 395 3562; x_wconf 75' lang='lat' dir='ltr'><strong>pont</strong></span> <span class='ocrx_word' id='word_1_221' title='bbox 411 3503 528 3552; x_wconf 78' lang='lat' dir='ltr'><strong>voorrleru</strong></span> <span class='ocrx_word' id='word_1_222' title='bbox 546 3504 611 3555; x_wconf 74' lang='lat' dir='ltr'><strong>Aac:</strong></span> <span class='ocrx_word' id='word_1_223' title='bbox 636 3503 667 3553; x_wconf 85' lang='grc' dir='ltr'><strong>Ρ.</strong></span> <span class='ocrx_word' id='word_1_224' title='bbox 677 3517 698 3552; x_wconf 79' lang='lat' dir='ltr'><strong>e.</strong></span> <span class='ocrx_word' id='word_1_225' title='bbox 711 3502 740 3550; x_wconf 81' lang='lat' dir='ltr'><strong>G.</strong></span> <span class='ocrx_word' id='word_1_226' title='bbox 760 3500 798 3550; x_wconf 84' lang='grc' dir='ltr'><strong>Μ.</strong></span> <span class='ocrx_word' id='word_1_227' title='bbox 817 3500 867 3549; x_wconf 76' lang='lat' dir='ltr'><strong>lure</strong></span> <span class='ocrx_word' id='word_1_228' title='bbox 882 3499 949 3549; x_wconf 72' lang='lat' dir='ltr'><strong>nd.</strong></span> <span class='ocrx_word' id='word_1_229' title='bbox 965 3496 1121 3547; x_wconf 61' lang='lat' dir='ltr'><strong>notitiem—8</strong></span> <span class='ocrx_word' id='word_1_230' title='bbox 1136 3493 1233 3559; x_wconf 83' lang='lat' dir='ltr'><strong>Delph.</strong></span> 
     </span>
     <span class='ocr_line' id='line_1_30' title="bbox 135 3561 1235 3634; baseline -0.006 -17"><span class='ocrx_word' id='word_1_231' title='bbox 135 3567 295 3634; x_wconf 55' lang='lat' dir='ltr'><strong>misle!</strong></span> <span class='ocrx_word' id='word_1_232' title='bbox 313 3565 521 3631; x_wconf 76' lang='lat' dir='ltr'><strong>Omittitllelph.</strong></span> <span class='ocrx_word' id='word_1_233' title='bbox 538 3581 628 3617; x_wconf 82' lang='lat' dir='ltr'><strong>rocem</strong></span> <span class='ocrx_word' id='word_1_234' title='bbox 645 3568 795 3616; x_wconf 69' lang='lat' dir='ltr'><strong>trudito-t</strong></span> <span class='ocrx_word' id='word_1_235' title='bbox 813 3563 922 3614; x_wconf 87' lang='lat' dir='ltr'><strong>Omittit</strong></span> <span class='ocrx_word' id='word_1_236' title='bbox 939 3561 1035 3627; x_wconf 83' lang='lat' dir='ltr'><strong>Delph.</strong></span> <span class='ocrx_word' id='word_1_237' title='bbox 1049 3576 1109 3625; x_wconf 72' lang='lat' dir='ltr'><strong>an,</strong></span> <span class='ocrx_word' id='word_1_238' title='bbox 1127 3567 1155 3611; x_wconf 78' lang='lat' dir='ltr'><strong>et</strong></span> <span class='ocrx_word' id='word_1_239' title='bbox 1174 3573 1235 3611; x_wconf 86' lang='lat' dir='ltr'><strong>mox</strong></span> 
     </span>
    </p>
   </div>
   <div class='ocr_carea' id='block_1_5' title="bbox 636 3738 743 3791">
    <p class='ocr_par' dir='ltr' id='par_1_5' title="bbox 636 3738 743 3791">
     <span class='ocr_line' id='line_1_31' title="bbox 636 3738 743 3791; baseline -0.009 0"><span class='ocrx_word' id='word_1_240' title='bbox 636 3738 743 3791; x_wconf 71' lang='lat' dir='ltr'><strong>Nom</strong></span> 
     </span>
    </p>
   </div>
   <div class='ocr_carea' id='block_1_6' title="bbox 129 3851 1234 4298">
    <p class='ocr_par' dir='ltr' id='par_1_6' title="bbox 129 3851 1234 4298">
     <span class='ocr_line' id='line_1_32' title="bbox 170 3851 802 3919; baseline -0.005 -14"><span class='ocrx_word' id='word_1_241' title='bbox 170 3854 400 3918; x_wconf 52' lang='lat' dir='ltr'><strong>*humenti</strong></span> <span class='ocrx_word' id='word_1_242' title='bbox 409 3853 546 3919; x_wconf 65' lang='lat' dir='ltr'><strong>Polyme]</strong></span> <span class='ocrx_word' id='word_1_243' title='bbox 561 3852 608 3904; x_wconf 86' lang='lat' dir='ltr'><strong>Ait</strong></span> <span class='ocrx_word' id='word_1_244' title='bbox 620 3853 670 3903; x_wconf 86' lang='lat' dir='ltr'><strong>Po·</strong></span> <span class='ocrx_word' id='word_1_245' title='bbox 709 3851 802 3903; x_wconf 80' lang='lat' dir='ltr'><strong>modo&#39;</strong></span> 
     </span>
     <span class='ocr_line' id='line_1_33' title="bbox 140 3922 1041 3995; baseline -0.009 -16"><span class='ocrx_word' id='word_1_246' title='bbox 140 3932 262 3995; x_wconf 76' lang='lat' dir='ltr'><strong>lyrensm</strong></span> <span class='ocrx_word' id='word_1_247' title='bbox 272 3939 403 3981; x_wconf 71' lang='lat' dir='ltr'><strong>auctorem</strong></span> <span class='ocrx_word' id='word_1_248' title='bbox 412 3937 441 3979; x_wconf 86' lang='lat' dir='ltr'><strong>et</strong></span> <span class='ocrx_word' id='word_1_249' title='bbox 448 3943 577 3980; x_wconf 72' lang='lat' dir='ltr'><strong>irruerem</strong></span> <span class='ocrx_word' id='word_1_250' title='bbox 589 3928 669 3980; x_wconf 75' lang='lat' dir='ltr'><strong>tuitio</strong></span> <span class='ocrx_word' id='word_1_251' title='bbox 742 3935 760 3961; x_wconf 77' lang='lat'><strong>⁰¹</strong></span> <span class='ocrx_word' id='word_1_252' title='bbox 778 3927 838 3976; x_wconf 75' lang='lat' dir='ltr'><strong>Cum</strong></span> <span class='ocrx_word' id='word_1_253' title='bbox 846 3924 913 3988; x_wconf 72' lang='lat' dir='ltr'><strong>rego]</strong></span> <span class='ocrx_word' id='word_1_254' title='bbox 932 3922 1041 3972; x_wconf 75' lang='lat' dir='ltr'><strong>Achille.</strong></span> 
     </span>
     <span class='ocr_line' id='line_1_34' title="bbox 136 3996 1233 4061; baseline -0.008 -5"><span class='ocrx_word' id='word_1_255' title='bbox 136 4005 295 4056; x_wconf 72' lang='lat' dir='ltr'><strong>illinis-ert.</strong></span> <span class='ocrx_word' id='word_1_256' title='bbox 741 3999 893 4051; x_wconf 69' lang='lat' dir='ltr'><strong>”Donlwe</strong></span> <span class='ocrx_word' id='word_1_257' title='bbox 901 3996 1233 4061; x_wconf 63' lang='lat' dir='ltr'><strong>anferreifflcriptlm</strong></span> 
     </span>
     <span class='ocr_line' id='line_1_35' title="bbox 172 4069 1234 4142; baseline -0.007 -12"><span class='ocrx_word' id='word_1_258' title='bbox 172 4078 577 4142; x_wconf 66' lang='lat' dir='ltr'><strong>“Sidltniemroeeroitsur</strong></span> <span class='ocrx_word' id='word_1_259' title='bbox 585 4081 670 4142; x_wconf 76' lang='lat' dir='ltr'><strong>prode·</strong></span> <span class='ocrx_word' id='word_1_260' title='bbox 709 4077 799 4126; x_wconf 82' lang='lat' dir='ltr'><strong>debuit</strong></span> <span class='ocrx_word' id='word_1_261' title='bbox 809 4071 1071 4136; x_wconf 55' lang='lat' dir='ltr'><strong>mouumentum</strong></span> <span class='ocrx_word' id='word_1_262' title='bbox 1080 4085 1138 4123; x_wconf 82' lang='lat' dir='ltr'><strong>eum</strong></span> <span class='ocrx_word' id='word_1_263' title='bbox 1148 4071 1172 4121; x_wconf 86' lang='lat' dir='ltr'><strong>ri</strong></span> <span class='ocrx_word' id='word_1_264' title='bbox 1180 4069 1234 4123; x_wconf 76' lang='lat' dir='ltr'><strong>tore</strong></span> 
     </span>
     <span class='ocr_line' id='line_1_36' title="bbox 132 4147 936 4223; baseline -0.016 -13"><span class='ocrx_word' id='word_1_265' title='bbox 132 4157 189 4223; x_wconf 78' lang='lat' dir='ltr'><strong>ret]</strong></span> <span class='ocrx_word' id='word_1_266' title='bbox 206 4158 304 4209; x_wconf 70' lang='lat' dir='ltr'><strong>Neuris</strong></span> <span class='ocrx_word' id='word_1_267' title='bbox 314 4158 384 4208; x_wconf 81' lang='lat' dir='ltr'><strong>unde</strong></span> <span class='ocrx_word' id='word_1_268' title='bbox 396 4159 445 4208; x_wconf 84' lang='lat' dir='ltr'><strong>hoe</strong></span> <span class='ocrx_word' id='word_1_269' title='bbox 457 4159 562 4219; x_wconf 74' lang='lat' dir='ltr'><strong>Dictys·</strong></span> <span class='ocrx_word' id='word_1_270' title='bbox 711 4154 767 4217; x_wconf 80' lang='lat' dir='ltr'><strong>eJur</strong></span> <span class='ocrx_word' id='word_1_271' title='bbox 780 4147 874 4216; x_wconf 80' lang='lat' dir='ltr'><strong>qurm‚’</strong></span> <span class='ocrx_word' id='word_1_272' title='bbox 885 4150 936 4199; x_wconf 72' lang='lat' dir='ltr'><strong>lto.</strong></span> 
     </span>
     <span class='ocr_line' id='line_1_37' title="bbox 129 4231 672 4298; baseline -0.007 -11"><span class='ocrx_word' id='word_1_273' title='bbox 129 4268 136 4277; x_wconf 86' lang='lat'><strong>·</strong></span> <span class='ocrx_word' id='word_1_274' title='bbox 169 4232 272 4298; x_wconf 65' lang='lat' dir='ltr'><strong>tatius]</strong></span> <span class='ocrx_word' id='word_1_275' title='bbox 287 4234 383 4297; x_wconf 67' lang='lat' dir='ltr'><strong>Note,</strong></span> <span class='ocrx_word' id='word_1_276' title='bbox 403 4247 452 4298; x_wconf 78' lang='lat' dir='ltr'><strong>pro</strong></span> <span class='ocrx_word' id='word_1_277' title='bbox 470 4231 584 4296; x_wconf 56' lang='lat' dir='ltr'><strong>‘alters</strong></span> <span class='ocrx_word' id='word_1_278' title='bbox 606 4231 672 4283; x_wconf 75' lang='lat' dir='ltr'><strong>‘ullo</strong></span> 
     </span>
    </p>
   </div>
   <div class='ocr_carea' id='block_1_7' title="bbox 0 0 1494 4916">
    <p class='ocr_par' dir='ltr' id='par_1_7' title="bbox 0 0 1494 4916">
     <span class='ocr_line' id='line_1_38' title="bbox 0 0 1494 4916; baseline 0 0"><span class='ocrx_word' id='word_1_279' title='bbox 0 0 1494 4916; x_wconf 95' lang='lat' dir='ltr'><strong> </strong></span> 
     </span>
    </p>
   </div>
  </div>
 </body>
</html>
