3010 4916
427 413 475 463 nn
498 413 616 463 nunno
639 413 810 464 rnorrno
833 415 907 463 nrn.
930 416 956 465 ι.
1169 400 1234 466 305

134 559 376 642 'thoracisque
388 574 510 629 moras,
525 557 702 641 clypeique
717 558 927 623 umbramine
940 557 1061 641 raptim

139 662 313 744 Dissipat,
330 667 433 742 atque
448 653 592 722 animam
607 665 661 722 tot
675 657 905 722 defensoribus
920 676 1016 722 usam
1168 654 1234 724 430

140 763 257 832 Elicit,
271 768 306 827 ct
319 760 458 844 Stygios
466 758 565 840 juhet
577 758 740 841 irrupisse
754 759 911 823 Penates.

141 864 203 927 Fit
215 862 296 944 iuga
313 859 541 927 Dardanidum
556 865 703 924 macteto
719 861 889 941 principe:
911 865 947 922 nt
961 857 1066 922 hostis

143 963 275 1028 civiles
289 960 458 1044 predatur
472 977 573 1042 opes:
596 977 673 1042 pars
688 957 837 1024 caedibus
852 961 917 1022 iras

144 1062 335 1128 Innumeris
350 1061 488 1143 explere
503 1060 597 1125 sitit:
620 1079 688 1124 vox
704 1061 794 1141 regia
807 1059 945 1125 tandem

146 1162 302 1244 (instigat
316 1162 455 1245 rapidos
469 1162 589 1226 Danao
603 1170 776 1244 grassante
792 1161 965 1225 tumultus.
1172 1159 1238 1224 leo

191 1264 337 1339 Parcite,
349 1264 496 1327 victores
509 1263 632 1339 Danai,
646 1262 851 1345 compescite
867 1259 1024 1326 dextros:

149 1364 244 1428 Lehe
257 1365 330 1447 pari
345 1370 475 1445 peccet,
489 1364 614 1446 pariter
628 1362 773 1427 crudelis
785 1370 925 1445 uterque

152 1464 222 1543 Qui
234 1465 372 1541 cunctis,
386 1469 420 1528 et
432 1464 535 1528 nulli:
558 1464 680 1557 nohilis
694 1465 745 1528 ire
758 1470 813 1529 est

150 1566 243 1631 Citra
256 1566 339 1630 iram
354 1566 475 1648 punire
489 1585 586 1631 reos:
603 1567 676 1651 jem
690 1565 791 1648 copie
803 1567 904 1649 regni,

149 1666 239 1731 Urbs
254 1667 388 1744 cecidit,
403 1668 508 1732 cessit
521 1668 651 1732 hostis:
673 1685 829 1750 caesoque
842 1673 993 1750 tyranno,
1174 1663 1239 1728 440

149 1767 201 1832 Ut
212 1769 344 1831 miseris
357 1766 486 1846 faciles,
501 1768 678 1835 Graiorum
694 1767 851 1849 exempla
864 1768 984 1842 secuti,

150 1867 238 1931 Esse
253 1867 405 1950 Phryges
417 1870 559 1947 discant,
574 1868 694 1933 damus
707 1868 793 1931 ultro
807 1884 883 1929 rura
897 1865 1028 1941 colono,

153 1965 273 2033 Castra
286 1969 378 2045 viris,
391 1980 528 2053 pontum
543 1970 664 2046 nautis,
679 1976 713 2033 et
726 1967 860 2032 civibus
873 1966 998 2041 urbem,

152 2065 199 2132 At
212 2076 331 2152 percat
345 2069 417 2135 dira
432 2071 461 2135 si
476 2073 553 2155 quis
568 2071 611 2135 de
624 2071 726 2154 stirpe
740 2074 927 2152 superstes3

153 2169 252 2234 Hauc
266 2171 427 2253 quoniam
440 2171 546 2235 delere
556 2171 666 2252 juvat
709 2170 767 2234 Sic
780 2168 877 2244 satur,
892 2173 926 2231 et
940 2185 1021 2231 ecce
1176 2163 1241 2227 445

151 2268 341 2352 Amphitus,
355 2270 572 2354 Hysiphilus,
588 2269 791 2343 Volcentns,
803 2271 837 2331 et
850 2267 973 2350 inclyta
987 2263 1081 2329 vultu

154 2369 313 2447 Hesione,
329 2372 430 2435 saevis
444 2372 549 2435 vincti
562 2374 642 2456 post
655 2377 747 2452 terga
762 2366 891 2433 catenis

152 2469 343 2534 Traduntur
353 2469 520 2535 ducibus:
543 2471 578 2535 hi
592 2470 665 2534 dira
680 2471 712 2534 in
726 2469 843 2534 funera
859 2466 967 2549 repti3

157 2568 256 2647 Haec,
270 2568 448 2649 Telamon,
463 2573 527 2636 tibi
542 2571 657 2657 praeda
671 2572 778 2648 detur,
793 2568 883 2653 qnod
896 2569 1060 2650 Pergama
1074 2566 1190 2641 victor,

156 2668 256 2748 Quod
270 2673 359 2753 prior
374 2672 519 2737 effractis
530 2673 663 2738 facilem
678 2672 740 2736 dns
751 2670 905 2735 hostibus
916 2669 1040 2733 urbem.
1179 2663 1244 2731 450

152 2770 251 2836 Ilicet
266 2772 414 2855 Argolici
428 2775 544 2857 praeda
558 2774 775 2858 Hesioneque
789 2771 891 2855 potiti

153 2871 353 2938 Incumbnnt
365 2873 500 2957 pelago,
511 2875 704 2958 laurumque
718 2873 847 2955 insigne
855 2871 1020 2954 'triumphi
1038 2934 1043 2943 .

612 3047 793 3071 „mmm

186 3170 237 3217 tte
253 3168 337 3218 Pmeil
349 3164 400 3218 hir.
411 3182 495 3233 mrrg.
507 3167 599 3218 interit
610 3174 668 3233 port
681 3166 737 3223 Qec.

649 3309 756 3362 Now

158 3427 214 3472 tunt
225 3422 320 3474 sentit
343 3426 407 3476 Cum
418 3426 457 3476 his
468 3442 526 3492 qum
538 3441 570 3478 ex
581 3429 682 3477 Derele
722 3420 837 3484 Hesych.
846 3415 969 3480 γερούσιον
976 3414 1007 3465 τ)
1016 3414 1069 3463 reis
1075 3410 1175 3471 lulum
1187 3413 1248 3463 nord

157 3500 306 3550 tranrnmrit
328 3500 395 3551 hene
419 3504 539 3552 convenit
555 3502 683 3559 omnihnr,
721 3496 792 3562 γίραε
802 3494 925 3557 διδόμενον.
949 3487 1249 3542 Videlleinrilnotmin

153 3590 213 3640 qne
232 3576 345 3626 Mein·
363 3579 489 3629 Ceruium
507 3580 540 3629 de
561 3577 683 3642 progenie
723 3574 811 3622 Silium
823 3585 842 3621 r.
861 3568 949 3620 Greci
960 3562 1249 3630 repesenjungmret·

152 3650 269 3716 Augusti
285 3652 400 3718 scripsit,
416 3655 485 3718 qnod
498 3655 578 3705 semel
588 3652 684 3703 dixisse
723 3665 765 3712 per
776 3644 899 3711 ltulpner.
931 3642 1006 3693 Philo
1018 3655 1038 3690 r.
1057 3639 1091 3689 de
1102 3638 1155 3688 rita
1164 3639 1248 3689 Moris

155 3728 280 3776 44444044·
723 3712 1250 3787 491.7lpeslgolpmrl1·plttltentrel·

190 3805 239 3850 444
253 3802 289 3852 Al
304 3806 387 3866 petest
405 3802 462 3852 diro
476 3802 561 3868 etque
572 3803 685 3866 dertirpr
723 3816 778 3862 xer.
794 3805 821 3849 et
830 3797 891 3848 ullhi
901 3807 980 3857 repe·
1005 3792 1049 3841 lte
1061 3788 1147 3840 hutini
1158 3790 1249 3838 ‘exer-

158 3874 285 3938 upmw]
301 3877 409 3926 Fertur:
421 3879 429 3905 ⁸
439 3877 528 3940 Dirnr,
538 3878 581 3928 dcl
592 3878 631 3927 irs
641 3890 685 3925 nn·
725 3884 777 3925 tem
794 3868 935 3924 honorem!
966 3867 1041 3930 Vlrg.
1052 3865 1109 3915 AEn.
1120 3878 1159 3914 rr.
1179 3864 1250 3928 ‘cly-

160 3947 221 4003 tus’
234 3949 429 4006 mecine.
607 4002 611 4005 ,
725 3950 955 4017 peumertrtmque
968 3949 1099 3994 comantes
1115 3941 1251 4007 Exeiplcm

194 4025 244 4073 ⁴⁴⁹
261 4024 327 4083 1⁴1⁶,
336 4025 686 4090 remetiendum]
725 4024 809 4076 sorti!
834 4017 1252 4084 VldeEurip.in'l'rerd.etVlc·

157 4096 685 4166 Furnium-siper:ntArist.lnEthlcir.
726 4101 820 4152 terlnrn
831 4091 1252 4157 vrr.1·ect.xxvr·l·8eptlmlnr
1344 4144 1348 4151 ,

154 4173 687 4238 Pindrrmllem.Od.1r.Apollod.11.et
727 4176 780 4235 illc,
802 4172 846 4238 qul
869 4172 968 4235 chtyn
989 4170 1141 4220 Cretensem
1161 4165 1252 4220 vertit,

151 4264 202 4303 ιιι.
215 4256 337 4314 τελαμῶνι
350 4249 592 4322 demetierfllerdmr
603 4251 689 4303 illm
728 4253 836 4300 ‘monne
846 4254 922 4299 estre
931 4242 1061 4297 ordinem'
1073 4240 1195 4292 nomlnrt.
