3010 4916
704 408 756 469 ln
780 413 992 469 nuorounr'r.

739 671 833 738 idam
854 674 929 738 457.

333 808 462 874 latinis
487 806 660 892 vigornia,
675 826 744 891 qno
759 808 890 873 nomine
904 808 1042 893 primus,
1057 809 1148 893 quod
1169 812 1372 889 sciamusne

291 918 346 976 est
366 910 388 975 J
392 906 537 995 osephns
561 909 717 988 Iscanns,
742 911 802 995 qui
829 910 977 976 Cornelii
998 908 1145 994 Nepotis
1164 913 1297 978 nomine
1317 914 1373 976 cir·

292 1011 480 1092 cumfertur,
495 1013 530 1077 in
544 1011 597 1076 his
611 1009 655 1077 ad
677 1010 869 1078 Hubertum
892 1009 1160 1077 cantuariensem
1187 1012 1373 1096 Archiprae·

233 1094 243 1113 ’
292 1113 397 1179 sulem
411 1112 582 1179 versibus:

378 1215 419 1280 In
432 1233 602 1279 nnmerum
611 1206 683 1298 jam
698 1215 818 1279 crescit
831 1208 956 1279 honor:
975 1221 1007 1279 te
1020 1214 1119 1280 tertia
1132 1215 1237 1298 poscit

380 1315 522 1392 Insula,⁸
537 1315 609 1399 jam
625 1315 770 1379 meminit
783 1314 959 1398 vigornia,
973 1307 1094 1379 Cautio
1109 1316 1219 1393 discit,

379 1415 554 1480 Romanus
567 1416 745 1480 meditatur
758 1434 858 1499 apex,
871 1423 907 1480 et
919 1415 1078 1499 naufraga
1092 1416 1186 1480 Petri

378 1515 562 1581 Ductorum
576 1516 612 1580 in
624 1515 744 1580 mediis
759 1522 919 1600 expectat
931 1518 1051 1603 cymba
1065 1518 1222 1600 procellis.

466 1728 623 1814 Raphael
636 1726 877 1797 Volaterranos
892 1732 927 1797 in
941 1729 1209 1816 Anthropologia.

339 1879 448 1944 Dares
476 1875 642 1959 Phrygius
668 1874 850 1942 historicus
884 1875 1023 1958 scripsit
1050 1876 1174 1941 bellum
1203 1874 1372 1958 Trojannm

296 1980 427 2058 Graece,
440 1980 476 2043 in
489 1998 558 2064 qno
579 1979 654 2063 ipse
677 1978 842 2056 militavit,
865 1983 902 2043 ut
924 1979 971 2044 ait
991 1976 1153 2054 Isidorus,
1175 1978 1300 2060 primus
1313 1974 1375 2038 iere

295 2082 536 2159 historicorum,
559 2079 619 2164 qui
643 2078 777 2145 tundent
803 2087 906 2164 capto
932 2079 1000 2144 llio
1021 2099 1095 2144 oum
1117 2078 1301 2143 Antenoris
1313 2075 1375 2140 lae·

296 2183 387 2248 tione
399 2182 570 2260 remansit,
593 2183 710 2248 scribit
726 2180 900 2247 Cornelius
915 2180 1049 2265 Nepos,
1063 2181 1121 2265 qni
1136 2198 1224 2264 opus
1234 2178 1307 2262 ejus
1320 2196 1376 2241 sex

158 2350 165 2357 .
296 2283 414 2351 librisb
427 2303 447 2349 e
461 2283 584 2351 Graeco
594 2285 766 2363 convertit,
780 2282 969 2366 dicavitque
984 2283 1109 2366 Crispo
1123 2280 1289 2346 Sallustio.

520 2512 727 2578 Passerinus
746 2509 966 2577 Bibliothecae
991 2526 1088 2575 xvrr.
1108 2510 1163 2575 29.

342 2661 477 2726 Daretis
502 2661 639 2746 Phrygii
653 2662 696 2729 de
719 2663 807 2730 bello
826 2662 977 2747 Trojano
999 2661 1077 2728 libri
1099 2659 1290 2734 leruntnra
1303 2658 1379 2723 Cor·

297 2761 386 2827 nelio
402 2762 538 2847 Nepote
552 2763 676 2829 Latino
691 2765 836 2830 carmina
855 2764 1004 2830 Heroico
1018 2761 1144 2840 donati,
1163 2761 1221 2826 sed
1234 2757 1377 2843 quisquis

297 2861 354 2928 ille
368 2862 477 2941 luerit,
492 2883 606 2930 versus
619 2883 687 2931 non
701 2865 854 2931 ridentur
867 2864 983 2949 inepti.

342 2963 503 3031 Claudius
517 2967 692 3051 Dasquius
714 2966 758 3032 ad
781 2967 965 3032 orationem
977 2963 1100 3030 Basilii
1114 2959 1323 3029 Seleueiensis
1335 2958 1379 3023 de

300 3066 389 3142 fflia,
403 3069 641 3134 commentario
656 3068 700 3133 ad
712 3069 778 3133 ista
792 3069 914 3135 verba:
928 3063 1145 3150 μανθανέτωσαν
1154 3070 1208 3128 τῶν
1218 3060 1381 3150 lutgarde

297 3169 424 3256 χορηγὸν
444 3169 573 3256 templa
595 3165 801 3251 πληπὸμινοιε
824 3168 969 3248 Elatum,
992 3168 1111 3252 iuquit,
1134 3167 1179 3233 ad
1201 3164 1385 3250 exemplam

301 3262 459 3357 perquam
484 3271 645 3356 ingeniosi
671 3269 812 3337 Polite:
843 3270 1042 3337 Nimborom
1065 3270 1226 3352 pincerna
1248 3267 1388 3335 Notusr

300 3394 378 3457 qum
392 3382 471 3440 sunt
483 3377 586 3441 rerba
599 3373 621 3438 J
623 3374 739 3459 osephi
754 3372 869 3439 Iscani
884 3388 934 3438 ιν.
947 3372 1023 3439 294.

323 3597 498 3664 Corradus
510 3602 756 3671 Rittershusins
769 3605 804 3670 iu
815 3603 1057 3673 commentario
1067 3602 1110 3669 ad
1121 3598 1281 3668 Guutlreri
1299 3612 1323 3660 r.
1333 3597 1368 3660 4.

343 3744 384 3812 ln
397 3744 460 3813 hac
473 3753 640 3819 sententia
663 3752 803 3819 delicies
825 3753 905 3820 lacit
928 3751 998 3831 ille,
1020 3750 1168 3837 quisquis
1188 3750 1255 3825 cat,
1275 3747 1342 3832 qui
1356 3742 1399 3812 de

300 3844 391 3914 bello
406 3848 550 3937 Trojano
565 3854 700 3938 scripsit
713 3854 846 3939 poema,
861 3856 926 3921 sub
939 3855 1073 3919 nomine
1082 3850 1228 3918 Cornelii
1242 3849 1397 3935 Nepotis

300 3948 385 4014 falso
400 3971 438 4016 se
452 3955 640 4037 venditans,
654 3975 730 4021 cnm
744 3957 789 4021 sit
799 3958 894 4039 longe
904 3956 1079 4041 posterior.
1107 3952 1333 4019 ‘Canescunt
1345 3952 1396 4017 alii

301 4052 435 4131 mento,'
448 4056 509 4120 &c
551 4056 679 4125 Versus
689 4057 794 4124 babes
808 4059 902 4123 initio
914 4054 990 4123 libri
1005 4056 1115 4142 primi.

333 4242 346 4269 ⁸
362 4232 477 4299 legend.
494 4232 589 4286 lnlolc
734 4237 747 4273 δ
761 4238 813 4291 Sex
824 4238 903 4291 libror
912 4234 1023 4306 loaaplrl
1037 4236 1119 4288 omui
1131 4236 1242 4297 ridetur
1253 4237 1367 4286 iussere.
