<?xml version="1.0" encoding="UTF-8"?>
<!DOCTYPE html PUBLIC "-//W3C//DTD XHTML 1.0 Transitional//EN"
    "http://www.w3.org/TR/xhtml1/DTD/xhtml1-transitional.dtd">
<html xmlns="http://www.w3.org/1999/xhtml" xml:lang="en" lang="en">
 <head>
  <title>
</title>
<meta http-equiv="Content-Type" content="text/html;charset=utf-8" />
  <meta name='ocr-system' content='tesseract 3.04.00' />
  <meta name='ocr-capabilities' content='ocr_page ocr_carea ocr_par ocr_line ocrx_word'/>
</head>
<body>
  <div class='ocr_page' id='page_1' title='image "./debellotrojano00josegoog_0043.png"; bbox 0 0 3034 4928; ppageno 0'>
   <div class='ocr_carea' id='block_1_1' title="bbox 291 355 1120 473">
    <p class='ocr_par' dir='ltr' id='par_1_1' title="bbox 291 355 1120 473">
     <span class='ocr_line' id='line_1_1' title="bbox 291 355 1120 473; baseline -0.002 -24"><span class='ocrx_word' id='word_1_1' title='bbox 291 382 334 449; x_wconf 64' lang='grc' dir='ltr'><strong>δυ</strong></span> <span class='ocrx_word' id='word_1_2' title='bbox 410 464 414 473; x_wconf 12' lang='grc' dir='ltr'><strong>ἡ</strong></span> <span class='ocrx_word' id='word_1_3' title='bbox 551 396 630 448; x_wconf 74' lang='lat' dir='ltr'><strong>ric.</strong></span> <span class='ocrx_word' id='word_1_4' title='bbox 653 355 844 447; x_wconf 51' lang='lat' dir='ltr'><strong>r&#39;unrzorrrr</strong></span> <span class='ocrx_word' id='word_1_5' title='bbox 871 394 1120 448; x_wconf 74' lang='lat' dir='ltr'><strong>uresnurruro</strong></span> 
     </span>
    </p>
   </div>
   <div class='ocr_carea' id='block_1_2' title="bbox 293 538 1382 625">
    <p class='ocr_par' dir='ltr' id='par_1_2' title="bbox 293 534 1515 661">
     <span class='ocr_line' id='line_1_2' title="bbox 293 538 1382 625; baseline -0.001 -19"><span class='ocrx_word' id='word_1_6' title='bbox 293 541 463 625; x_wconf 85' lang='lat' dir='ltr'><strong>proprium</strong></span> <span class='ocrx_word' id='word_1_7' title='bbox 476 540 661 617; x_wconf 85' lang='lat' dir='ltr'><strong>convertit,’</strong></span> <span class='ocrx_word' id='word_1_8' title='bbox 685 541 748 605; x_wconf 91' lang='lat' dir='ltr'><strong>hoc</strong></span> <span class='ocrx_word' id='word_1_9' title='bbox 764 547 830 617; x_wconf 85' lang='lat' dir='ltr'><strong>eat,</strong></span> <span class='ocrx_word' id='word_1_10' title='bbox 845 558 973 605; x_wconf 89' lang='lat' dir='ltr'><strong>omnem</strong></span> <span class='ocrx_word' id='word_1_11' title='bbox 989 538 1066 622; x_wconf 71' lang='lat' dir='ltr'><strong>&#39;ejus</strong></span> <span class='ocrx_word' id='word_1_12' title='bbox 1087 558 1158 604; x_wconf 86' lang='lat' dir='ltr'><strong>rem</strong></span> <span class='ocrx_word' id='word_1_13' title='bbox 1179 539 1382 607; x_wconf 74' lang='lat' dir='ltr'><strong>familiarem</strong></span> 
     </span>
    </p>
   </div>
   <div class='ocr_carea' id='block_1_3' title="bbox 290 636 1385 2023">
    <p class='ocr_par' dir='ltr' id='par_1_3' title="bbox 290 636 1385 2023">
     <span class='ocr_line' id='line_1_3' title="bbox 292 636 1383 724; baseline 0.001 -21"><span class='ocrx_word' id='word_1_14' title='bbox 292 660 352 724; x_wconf 83' lang='lat' dir='ltr'><strong>per</strong></span> <span class='ocrx_word' id='word_1_15' title='bbox 365 639 476 703; x_wconf 83' lang='lat' dir='ltr'><strong>scelus</strong></span> <span class='ocrx_word' id='word_1_16' title='bbox 490 640 555 703; x_wconf 85' lang='lat' dir='ltr'><strong>eibi</strong></span> <span class='ocrx_word' id='word_1_17' title='bbox 571 638 738 703; x_wconf 82' lang='lat' dir='ltr'><strong>vindicat:</strong></span> <span class='ocrx_word' id='word_1_18' title='bbox 760 640 837 702; x_wconf 80' lang='lat' dir='ltr'><strong>nani</strong></span> <span class='ocrx_word' id='word_1_19' title='bbox 860 636 974 703; x_wconf 83' lang='lat' dir='ltr'><strong>ouinia</strong></span> <span class='ocrx_word' id='word_1_20' title='bbox 995 640 1071 703; x_wconf 82' lang='lat' dir='ltr'><strong>ietic</strong></span> <span class='ocrx_word' id='word_1_21' title='bbox 1093 639 1243 721; x_wconf 83' lang='lat' dir='ltr'><strong>‘indigne</strong></span> <span class='ocrx_word' id='word_1_22' title='bbox 1257 638 1383 723; x_wconf 84' lang='lat' dir='ltr'><strong>raptu&#39;</strong></span> 
     </span>
     <span class='ocr_line' id='line_1_4' title="bbox 291 735 1385 805; baseline -0.002 0"><span class='ocrx_word' id='word_1_23' title='bbox 291 760 372 805; x_wconf 84' lang='lat' dir='ltr'><strong>mox</strong></span> <span class='ocrx_word' id='word_1_24' title='bbox 386 739 548 804; x_wconf 87' lang='lat' dir='ltr'><strong>dicuutur.</strong></span> <span class='ocrx_word' id='word_1_25' title='bbox 594 739 696 803; x_wconf 88' lang='lat' dir='ltr'><strong>Plane</strong></span> <span class='ocrx_word' id='word_1_26' title='bbox 717 745 755 803; x_wconf 87' lang='lat' dir='ltr'><strong>ut</strong></span> <span class='ocrx_word' id='word_1_27' title='bbox 769 737 883 803; x_wconf 72' lang='lat' dir='ltr'><strong>Graeci</strong></span> <span class='ocrx_word' id='word_1_28' title='bbox 898 735 972 800; x_wconf 76' lang='lat' dir='ltr'><strong>einer</strong></span> <span class='ocrx_word' id='word_1_29' title='bbox 984 745 1020 802; x_wconf 90' lang='lat' dir='ltr'><strong>ot</strong></span> <span class='ocrx_word' id='word_1_30' title='bbox 1041 737 1131 801; x_wconf 75' lang='lat' dir='ltr'><strong>alaier</strong></span> <span class='ocrx_word' id='word_1_31' title='bbox 1144 759 1184 803; x_wconf 87' lang='lat' dir='ltr'><strong>eo</strong></span> <span class='ocrx_word' id='word_1_32' title='bbox 1204 758 1304 803; x_wconf 79' lang='lat' dir='ltr'><strong>seusu</strong></span> <span class='ocrx_word' id='word_1_33' title='bbox 1319 738 1385 803; x_wconf 82' lang='lat' dir='ltr'><strong>ed·</strong></span> 
     </span>
     <span class='ocr_line' id='line_1_5' title="bbox 292 837 1384 920; baseline -0.001 -16"><span class='ocrx_word' id='word_1_34' title='bbox 292 840 405 905; x_wconf 86' lang='lat' dir='ltr'><strong>hibere</strong></span> <span class='ocrx_word' id='word_1_35' title='bbox 421 847 500 904; x_wconf 82' lang='lat' dir='ltr'><strong>eunt</strong></span> <span class='ocrx_word' id='word_1_36' title='bbox 523 840 626 905; x_wconf 84' lang='lat' dir='ltr'><strong>soliti.</strong></span> <span class='ocrx_word' id='word_1_37' title='bbox 671 839 760 903; x_wconf 88' lang='lat' dir='ltr'><strong>lhid.</strong></span> <span class='ocrx_word' id='word_1_38' title='bbox 783 837 893 902; x_wconf 84' lang='lat' dir='ltr'><strong>‘Cum</strong></span> <span class='ocrx_word' id='word_1_39' title='bbox 918 838 1084 904; x_wconf 85' lang='lat' dir='ltr'><strong>obstinate</strong></span> <span class='ocrx_word' id='word_1_40' title='bbox 1101 840 1136 904; x_wconf 92' lang='lat' dir='ltr'><strong>hi</strong></span> <span class='ocrx_word' id='word_1_41' title='bbox 1157 841 1244 920; x_wconf 78' lang='lat' dir='ltr'><strong>regis</strong></span> <span class='ocrx_word' id='word_1_42' title='bbox 1260 859 1384 903; x_wconf 88' lang='lat' dir='ltr'><strong>necem</strong></span> 
     </span>
     <span class='ocr_line' id='line_1_6' title="bbox 293 938 1384 1022; baseline 0.001 -19"><span class='ocrx_word' id='word_1_43' title='bbox 293 938 524 1017; x_wconf 66' lang='lat' dir='ltr'><strong>defenderent:</strong></span> <span class='ocrx_word' id='word_1_44' title='bbox 537 941 601 1004; x_wconf 94' lang='lat' dir='ltr'><strong>hoc</strong></span> <span class='ocrx_word' id='word_1_45' title='bbox 622 947 686 1016; x_wconf 84' lang='lat' dir='ltr'><strong>est,</strong></span> <span class='ocrx_word' id='word_1_46' title='bbox 711 940 964 1004; x_wconf 71' lang='lat' dir='ltr'><strong>ulciscerenturz</strong></span> <span class='ocrx_word' id='word_1_47' title='bbox 986 956 1065 1004; x_wconf 81' lang='lat' dir='ltr'><strong>nem</strong></span> <span class='ocrx_word' id='word_1_48' title='bbox 1088 958 1150 1002; x_wconf 81' lang='lat' dir='ltr'><strong>rex</strong></span> <span class='ocrx_word' id='word_1_49' title='bbox 1170 940 1243 1022; x_wconf 86' lang='lat' dir='ltr'><strong>jam</strong></span> <span class='ocrx_word' id='word_1_50' title='bbox 1268 958 1384 1004; x_wconf 72' lang='lat' dir='ltr'><strong>cresus</strong></span> 
     </span>
     <span class='ocr_line' id='line_1_7' title="bbox 291 1036 1383 1120; baseline -0.002 -16"><span class='ocrx_word' id='word_1_51' title='bbox 291 1049 372 1104; x_wconf 86' lang='lat' dir='ltr'><strong>erat.</strong></span> <span class='ocrx_word' id='word_1_52' title='bbox 416 1040 571 1105; x_wconf 83' lang='lat' dir='ltr'><strong>Graecum</strong></span> <span class='ocrx_word' id='word_1_53' title='bbox 591 1040 653 1103; x_wconf 85' lang='lat' dir='ltr'><strong>suit</strong></span> <span class='ocrx_word' id='word_1_54' title='bbox 673 1036 843 1118; x_wconf 71' lang='grc' dir='ltr'><strong><em>ἀμύνασθαι,</em></strong></span> <span class='ocrx_word' id='word_1_55' title='bbox 858 1036 951 1120; x_wconf 87' lang='lat' dir='ltr'><strong>quod</strong></span> <span class='ocrx_word' id='word_1_56' title='bbox 971 1056 1040 1101; x_wconf 91' lang='lat' dir='ltr'><strong>non</strong></span> <span class='ocrx_word' id='word_1_57' title='bbox 1064 1037 1283 1102; x_wconf 78' lang='lat' dir='ltr'><strong>‘defendere&#39;</strong></span> <span class='ocrx_word' id='word_1_58' title='bbox 1304 1045 1383 1102; x_wconf 85' lang='lat' dir='ltr'><strong>tan·</strong></span> 
     </span>
     <span class='ocr_line' id='line_1_8' title="bbox 292 1136 1385 1223; baseline -0.003 -19"><span class='ocrx_word' id='word_1_59' title='bbox 292 1149 362 1205; x_wconf 87' lang='lat' dir='ltr'><strong>tum</strong></span> <span class='ocrx_word' id='word_1_60' title='bbox 379 1140 536 1223; x_wconf 78' lang='lat' dir='ltr'><strong>aliquem,</strong></span> <span class='ocrx_word' id='word_1_61' title='bbox 546 1146 581 1203; x_wconf 85' lang='lat' dir='ltr'><strong>et</strong></span> <span class='ocrx_word' id='word_1_62' title='bbox 593 1138 811 1221; x_wconf 79' lang='lat' dir='ltr'><strong>‘propulsare</strong></span> <span class='ocrx_word' id='word_1_63' title='bbox 826 1139 869 1201; x_wconf 93' lang='lat' dir='ltr'><strong>ah</strong></span> <span class='ocrx_word' id='word_1_64' title='bbox 884 1157 924 1200; x_wconf 89' lang='lat' dir='ltr'><strong>eo</strong></span> <span class='ocrx_word' id='word_1_65' title='bbox 937 1136 1082 1214; x_wconf 84' lang='lat' dir='ltr'><strong>malum,’</strong></span> <span class='ocrx_word' id='word_1_66' title='bbox 1095 1137 1156 1200; x_wconf 82' lang='lat' dir='ltr'><strong>eod</strong></span> <span class='ocrx_word' id='word_1_67' title='bbox 1171 1145 1207 1201; x_wconf 86' lang='lat' dir='ltr'><strong>ct</strong></span> <span class='ocrx_word' id='word_1_68' title='bbox 1222 1138 1385 1202; x_wconf 74' lang='lat' dir='ltr'><strong>‘ulcisci&#39;</strong></span> 
     </span>
     <span class='ocr_line' id='line_1_9' title="bbox 290 1233 1383 1322; baseline -0.006 -19"><span class='ocrx_word' id='word_1_69' title='bbox 290 1247 395 1305; x_wconf 84' lang='lat' dir='ltr'><strong>notat.</strong></span> <span class='ocrx_word' id='word_1_70' title='bbox 411 1260 486 1322; x_wconf 86' lang='lat' dir='ltr'><strong>cap.</strong></span> <span class='ocrx_word' id='word_1_71' title='bbox 495 1241 527 1303; x_wconf 88' lang='grc'><strong>6.</strong></span> <span class='ocrx_word' id='word_1_72' title='bbox 542 1243 552 1273; x_wconf 88' lang='lat'>‘</span> <span class='ocrx_word' id='word_1_73' title='bbox 565 1237 739 1303; x_wconf 84' lang='lat' dir='ltr'><strong>Gondueto</strong></span> <span class='ocrx_word' id='word_1_74' title='bbox 753 1234 926 1314; x_wconf 84' lang='lat' dir='ltr'><strong>Concilio,&#39;</strong></span> <span class='ocrx_word' id='word_1_75' title='bbox 941 1236 1074 1313; x_wconf 77' lang='lat' dir='ltr'><strong>Graece,</strong></span> <span class='ocrx_word' id='word_1_76' title='bbox 1088 1233 1261 1321; x_wconf 66' lang='grc' dir='ltr'><strong><em>συναγαγὼν</em></strong></span> <span class='ocrx_word' id='word_1_77' title='bbox 1273 1238 1383 1313; x_wconf 63' lang='lat' dir='ltr'><strong>laxaq-</strong></span> 
     </span>
     <span class='ocr_line' id='line_1_10' title="bbox 291 1336 1384 1424; baseline -0.001 -22"><span class='ocrx_word' id='word_1_78' title='bbox 291 1338 369 1417; x_wconf 63' lang='grc' dir='ltr'><strong><em>οἷον,</em></strong></span> <span class='ocrx_word' id='word_1_79' title='bbox 384 1336 569 1424; x_wconf 71' lang='grc' dir='ltr'><strong>συναχθείσης</strong></span> <span class='ocrx_word' id='word_1_80' title='bbox 581 1336 746 1414; x_wconf 55' lang='lat' dir='ltr'><strong>ierarcha</strong></span> <span class='ocrx_word' id='word_1_81' title='bbox 791 1337 837 1401; x_wconf 87' lang='lat' dir='ltr'><strong>Et</strong></span> <span class='ocrx_word' id='word_1_82' title='bbox 851 1338 902 1401; x_wconf 81' lang='lat' dir='ltr'><strong>sic</strong></span> <span class='ocrx_word' id='word_1_83' title='bbox 918 1356 995 1419; x_wconf 83' lang='lat' dir='ltr'><strong>cup.</strong></span> <span class='ocrx_word' id='word_1_84' title='bbox 1006 1337 1039 1401; x_wconf 80' lang='lat'><strong>8.</strong></span> <span class='ocrx_word' id='word_1_85' title='bbox 1054 1338 1182 1401; x_wconf 80' lang='lat' dir='ltr'><strong>‘Senes</strong></span> <span class='ocrx_word' id='word_1_86' title='bbox 1196 1336 1384 1415; x_wconf 69' lang='lat' dir='ltr'><strong>conducit:</strong></span> 
     </span>
     <span class='ocr_line' id='line_1_11' title="bbox 291 1436 1381 1523; baseline -0.002 -20"><span class='ocrx_word' id='word_1_87' title='bbox 291 1438 408 1523; x_wconf 68' lang='grc' dir='ltr'><strong>συνάγει</strong></span> <span class='ocrx_word' id='word_1_88' title='bbox 429 1439 493 1512; x_wconf 79' lang='grc' dir='ltr'><strong>τοὺς</strong></span> <span class='ocrx_word' id='word_1_89' title='bbox 513 1436 728 1523; x_wconf 74' lang='grc' dir='ltr'><strong><em>πρεσβυτέρους,</em></strong></span> <span class='ocrx_word' id='word_1_90' title='bbox 753 1439 805 1502; x_wconf 80' lang='lat' dir='ltr'><strong>vel</strong></span> <span class='ocrx_word' id='word_1_91' title='bbox 826 1438 888 1511; x_wconf 78' lang='grc' dir='ltr'><strong><em>τοὺς</em></strong></span> <span class='ocrx_word' id='word_1_92' title='bbox 908 1436 1055 1522; x_wconf 77' lang='grc' dir='ltr'><strong><em>Γίρυυτας.</em></strong></span> <span class='ocrx_word' id='word_1_93' title='bbox 1079 1458 1108 1502; x_wconf 84' lang='lat' dir='ltr'><strong>c.</strong></span> <span class='ocrx_word' id='word_1_94' title='bbox 1124 1439 1179 1502; x_wconf 83' lang='grc'><strong>14.</strong></span> <span class='ocrx_word' id='word_1_95' title='bbox 1200 1436 1381 1502; x_wconf 73' lang='lat' dir='ltr'><strong>‘Achilles</strong></span> 
     </span>
     <span class='ocr_line' id='line_1_12' title="bbox 291 1536 1380 1620; baseline -0.004 -16"><span class='ocrx_word' id='word_1_96' title='bbox 291 1540 388 1604; x_wconf 85' lang='lat' dir='ltr'><strong>Pelei</strong></span> <span class='ocrx_word' id='word_1_97' title='bbox 406 1540 442 1602; x_wconf 80' lang='lat' dir='ltr'><strong>ct‘</strong></span> <span class='ocrx_word' id='word_1_98' title='bbox 461 1539 637 1615; x_wconf 82' lang='lat' dir='ltr'><strong>Thotidos,</strong></span> <span class='ocrx_word' id='word_1_99' title='bbox 662 1556 739 1620; x_wconf 78' lang='lat' dir='ltr'><strong>quaa</strong></span> <span class='ocrx_word' id='word_1_100' title='bbox 757 1556 802 1600; x_wconf 84' lang='lat' dir='ltr'><strong>cx</strong></span> <span class='ocrx_word' id='word_1_101' title='bbox 824 1536 963 1603; x_wconf 84' lang='lat' dir='ltr'><strong>Chirone</strong></span> <span class='ocrx_word' id='word_1_102' title='bbox 978 1537 1150 1602; x_wconf 86' lang='lat' dir='ltr'><strong>dicebatur</strong></span> <span class='ocrx_word' id='word_1_103' title='bbox 1161 1537 1181 1602; x_wconf 84' lang='lat'><strong>:’</strong></span> <span class='ocrx_word' id='word_1_104' title='bbox 1202 1539 1328 1602; x_wconf 83' lang='lat' dir='ltr'><strong>omieeo</strong></span> <span class='ocrx_word' id='word_1_105' title='bbox 1341 1541 1380 1602; x_wconf 94' lang='lat' dir='ltr'><strong>in</strong></span> 
     </span>
     <span class='ocr_line' id='line_1_13' title="bbox 291 1635 1382 1721; baseline -0.003 -18"><span class='ocrx_word' id='word_1_106' title='bbox 291 1639 458 1721; x_wconf 78' lang='lat' dir='ltr'>prioribus</span> <span class='ocrx_word' id='word_1_107' title='bbox 486 1635 618 1713; x_wconf 72' lang='lat' dir='ltr'><strong>‘filiua’</strong></span> <span class='ocrx_word' id='word_1_108' title='bbox 638 1637 728 1720; x_wconf 92' lang='lat' dir='ltr'><strong>quod</strong></span> <span class='ocrx_word' id='word_1_109' title='bbox 748 1635 892 1713; x_wconf 73' lang='lat' dir='ltr'><strong>Graecis,</strong></span> <span class='ocrx_word' id='word_1_110' title='bbox 917 1638 975 1720; x_wconf 89' lang='lat' dir='ltr'><strong>qui</strong></span> <span class='ocrx_word' id='word_1_111' title='bbox 997 1638 1150 1716; x_wconf 85' lang='lat' dir='ltr'><strong>articulo,</strong></span> <span class='ocrx_word' id='word_1_112' title='bbox 1173 1658 1240 1721; x_wconf 87' lang='lat' dir='ltr'><strong>quo</strong></span> <span class='ocrx_word' id='word_1_113' title='bbox 1263 1646 1382 1702; x_wconf 78' lang='lat' dir='ltr'><strong>carent</strong></span> 
     </span>
     <span class='ocr_line' id='line_1_14' title="bbox 290 1736 1382 1821; baseline -0.005 -16"><span class='ocrx_word' id='word_1_114' title='bbox 290 1739 414 1817; x_wconf 84' lang='lat' dir='ltr'><strong>Latini,</strong></span> <span class='ocrx_word' id='word_1_115' title='bbox 428 1737 463 1803; x_wconf 85' lang='lat' dir='ltr'><strong>id</strong></span> <span class='ocrx_word' id='word_1_116' title='bbox 484 1738 668 1818; x_wconf 82' lang='lat' dir='ltr'><strong>designant,</strong></span> <span class='ocrx_word' id='word_1_117' title='bbox 682 1744 736 1803; x_wconf 82' lang='lat' dir='ltr'><strong>eat</strong></span> <span class='ocrx_word' id='word_1_118' title='bbox 758 1736 1066 1821; x_wconf 82' lang='lat' dir='ltr'><strong>frequentissimum,</strong></span> <span class='ocrx_word' id='word_1_119' title='bbox 1081 1739 1169 1803; x_wconf 87' lang='lat' dir='ltr'><strong>unde</strong></span> <span class='ocrx_word' id='word_1_120' title='bbox 1190 1738 1227 1801; x_wconf 83' lang='lat' dir='ltr'><strong>irl</strong></span> <span class='ocrx_word' id='word_1_121' title='bbox 1251 1737 1382 1803; x_wconf 79' lang='lat' dir='ltr'><strong>Noster</strong></span> 
     </span>
     <span class='ocr_line' id='line_1_15' title="bbox 291 1838 1380 1924; baseline -0.003 -19"><span class='ocrx_word' id='word_1_122' title='bbox 291 1860 426 1924; x_wconf 89' lang='lat' dir='ltr'><strong>quoque</strong></span> <span class='ocrx_word' id='word_1_123' title='bbox 451 1840 580 1914; x_wconf 88' lang='lat' dir='ltr'><strong>habuit,</strong></span> <span class='ocrx_word' id='word_1_124' title='bbox 595 1838 652 1921; x_wconf 90' lang='lat' dir='ltr'><strong>qui</strong></span> <span class='ocrx_word' id='word_1_125' title='bbox 673 1840 804 1920; x_wconf 78' lang='lat' dir='ltr'><strong>passim</strong></span> <span class='ocrx_word' id='word_1_126' title='bbox 819 1838 870 1902; x_wconf 82' lang='lat' dir='ltr'><strong>ite</strong></span> <span class='ocrx_word' id='word_1_127' title='bbox 889 1846 1011 1921; x_wconf 83' lang='lat' dir='ltr'><strong>praeter</strong></span> <span class='ocrx_word' id='word_1_128' title='bbox 1031 1858 1155 1904; x_wconf 88' lang='lat' dir='ltr'><strong>morem</strong></span> <span class='ocrx_word' id='word_1_129' title='bbox 1169 1838 1380 1903; x_wconf 83' lang='lat' dir='ltr'><strong>Latinorum.</strong></span> 
     </span>
     <span class='ocr_line' id='line_1_16' title="bbox 291 1938 1381 2023; baseline -0.005 -17"><span class='ocrx_word' id='word_1_130' title='bbox 291 1942 349 2006; x_wconf 88' lang='lat' dir='ltr'><strong>Sic</strong></span> <span class='ocrx_word' id='word_1_131' title='bbox 365 1957 388 2004; x_wconf 90' lang='grc' dir='ltr'><strong>ι.</strong></span> <span class='ocrx_word' id='word_1_132' title='bbox 406 1942 435 2004; x_wconf 91' lang='lat' dir='ltr'><strong>l.</strong></span> <span class='ocrx_word' id='word_1_133' title='bbox 457 1938 649 2023; x_wconf 81' lang='lat' dir='ltr'><strong>‘Clymeuae</strong></span> <span class='ocrx_word' id='word_1_134' title='bbox 670 1945 705 2003; x_wconf 90' lang='lat' dir='ltr'><strong>et</strong></span> <span class='ocrx_word' id='word_1_135' title='bbox 727 1938 872 2021; x_wconf 85' lang='lat' dir='ltr'><strong>Nauplii</strong></span> <span class='ocrx_word' id='word_1_136' title='bbox 896 1938 1119 2004; x_wconf 71' lang='lat' dir='ltr'><strong>Palamedes!</strong></span> <span class='ocrx_word' id='word_1_137' title='bbox 1142 1952 1183 2002; x_wconf 86' lang='lat' dir='ltr'><strong>n.</strong></span> <span class='ocrx_word' id='word_1_138' title='bbox 1199 1940 1252 2004; x_wconf 90' lang='lat' dir='ltr'><strong>ll.</strong></span> <span class='ocrx_word' id='word_1_139' title='bbox 1275 1942 1287 1973; x_wconf 85' lang='lat'>‘</span> <span class='ocrx_word' id='word_1_140' title='bbox 1298 1938 1381 2002; x_wconf 86' lang='lat' dir='ltr'><strong>Sar·</strong></span> 
     </span>
    </p>
   </div>
   <div class='ocr_carea' id='block_1_4' title="bbox 153 2038 1381 2124">
    <p class='ocr_par' dir='ltr' id='par_1_4' title="bbox 153 2038 1381 2124">
     <span class='ocr_line' id='line_1_17' title="bbox 153 2038 1381 2124; baseline 0.006 -27"><span class='ocrx_word' id='word_1_141' title='bbox 153 2054 158 2061; x_wconf 67' lang='grc'><em>“</em></span> <span class='ocrx_word' id='word_1_142' title='bbox 290 2041 401 2124; x_wconf 89' lang='lat' dir='ltr'><strong>pedon</strong></span> <span class='ocrx_word' id='word_1_143' title='bbox 427 2039 559 2104; x_wconf 82' lang='lat' dir='ltr'><strong>Xanthi</strong></span> <span class='ocrx_word' id='word_1_144' title='bbox 583 2047 618 2103; x_wconf 87' lang='lat' dir='ltr'><strong>et</strong></span> <span class='ocrx_word' id='word_1_145' title='bbox 646 2038 861 2116; x_wconf 50' lang='lat' dir='ltr'><strong>laodamia&amp;</strong></span> <span class='ocrx_word' id='word_1_146' title='bbox 890 2039 1381 2116; x_wconf 80' lang='lat' dir='ltr'><strong>rr.18.‘HelenuePriami,’</strong></span> 
     </span>
    </p>
   </div>
   <div class='ocr_carea' id='block_1_5' title="bbox 289 2138 1382 2522">
    <p class='ocr_par' dir='ltr' id='par_1_5' title="bbox 289 2138 1382 2522">
     <span class='ocr_line' id='line_1_18' title="bbox 291 2138 1381 2223; baseline -0.001 -18"><span class='ocrx_word' id='word_1_147' title='bbox 291 2147 395 2223; x_wconf 88' lang='lat' dir='ltr'><strong>atque</strong></span> <span class='ocrx_word' id='word_1_148' title='bbox 407 2141 499 2204; x_wconf 88' lang='lat' dir='ltr'><strong>alibi.</strong></span> <span class='ocrx_word' id='word_1_149' title='bbox 521 2139 714 2205; x_wconf 82' lang='lat' dir='ltr'><strong>Posteriora</strong></span> <span class='ocrx_word' id='word_1_150' title='bbox 723 2140 808 2204; x_wconf 85' lang='lat' dir='ltr'><strong>certi</strong></span> <span class='ocrx_word' id='word_1_151' title='bbox 823 2145 900 2203; x_wconf 83' lang='lat' dir='ltr'><strong>sunt</strong></span> <span class='ocrx_word' id='word_1_152' title='bbox 914 2138 1102 2216; x_wconf 82' lang='lat' dir='ltr'><strong>Graeeismi,</strong></span> <span class='ocrx_word' id='word_1_153' title='bbox 1113 2148 1147 2202; x_wconf 88' lang='lat' dir='ltr'><strong>et</strong></span> <span class='ocrx_word' id='word_1_154' title='bbox 1161 2140 1268 2204; x_wconf 78' lang='lat' dir='ltr'><strong>aolitae</strong></span> <span class='ocrx_word' id='word_1_155' title='bbox 1280 2138 1381 2204; x_wconf 75' lang='lat' dir='ltr'><strong>Grae·</strong></span> 
     </span>
     <span class='ocr_line' id='line_1_19' title="bbox 291 2236 1382 2325; baseline -0.002 -20"><span class='ocrx_word' id='word_1_156' title='bbox 291 2241 342 2306; x_wconf 82' lang='lat' dir='ltr'><strong>cie</strong></span> <span class='ocrx_word' id='word_1_157' title='bbox 357 2242 526 2324; x_wconf 81' lang='lat' dir='ltr'><strong>ellipseoe,</strong></span> <span class='ocrx_word' id='word_1_158' title='bbox 541 2240 600 2318; x_wconf 67' lang='grc' dir='ltr'><strong>ἥτις</strong></span> <span class='ocrx_word' id='word_1_159' title='bbox 621 2241 652 2302; x_wconf 76' lang='lat' dir='ltr'><strong>ix</strong></span> <span class='ocrx_word' id='word_1_160' title='bbox 667 2239 799 2325; x_wconf 71' lang='grc' dir='ltr'><strong><em>Χείρωνος</em></strong></span> <span class='ocrx_word' id='word_1_161' title='bbox 820 2238 945 2324; x_wconf 70' lang='lat' dir='ltr'><strong>iaiym,</strong></span> <span class='ocrx_word' id='word_1_162' title='bbox 971 2241 1103 2304; x_wconf 80' lang='lat' dir='ltr'><strong>scilicet</strong></span> <span class='ocrx_word' id='word_1_163' title='bbox 1124 2236 1206 2316; x_wconf 74' lang='lat' dir='ltr'><strong>aira,</strong></span> <span class='ocrx_word' id='word_1_164' title='bbox 1225 2240 1290 2303; x_wconf 87' lang='lat' dir='ltr'><strong>hoe</strong></span> <span class='ocrx_word' id='word_1_165' title='bbox 1312 2248 1382 2318; x_wconf 79' lang='lat' dir='ltr'><strong>cat,</strong></span> 
     </span>
     <span class='ocr_line' id='line_1_20' title="bbox 289 2339 1382 2425; baseline -0.004 -19"><span class='ocrx_word' id='word_1_166' title='bbox 289 2339 411 2425; x_wconf 59' lang='lat' dir='ltr'><strong>‘quaa&#39;</strong></span> <span class='ocrx_word' id='word_1_167' title='bbox 430 2362 495 2406; x_wconf 91' lang='lat' dir='ltr'><strong>non</strong></span> <span class='ocrx_word' id='word_1_168' title='bbox 515 2361 558 2407; x_wconf 80' lang='lat' dir='ltr'><strong>ex</strong></span> <span class='ocrx_word' id='word_1_169' title='bbox 574 2342 696 2420; x_wconf 88' lang='lat' dir='ltr'><strong>Nereo,</strong></span> <span class='ocrx_word' id='word_1_170' title='bbox 711 2351 748 2408; x_wconf 93' lang='lat' dir='ltr'><strong>ut</strong></span> <span class='ocrx_word' id='word_1_171' title='bbox 761 2342 860 2423; x_wconf 75' lang='lat' dir='ltr'><strong>vulgo</strong></span> <span class='ocrx_word' id='word_1_172' title='bbox 874 2341 987 2419; x_wconf 84' lang='lat' dir='ltr'><strong>fertur,</strong></span> <span class='ocrx_word' id='word_1_173' title='bbox 1002 2341 1063 2405; x_wconf 83' lang='lat' dir='ltr'><strong>sed</strong></span> <span class='ocrx_word' id='word_1_174' title='bbox 1085 2342 1196 2405; x_wconf 75' lang='lat' dir='ltr'><strong>verius</strong></span> <span class='ocrx_word' id='word_1_175' title='bbox 1217 2344 1283 2403; x_wconf 81' lang='lat' dir='ltr'><strong>‘ex</strong></span> <span class='ocrx_word' id='word_1_176' title='bbox 1297 2339 1382 2404; x_wconf 85' lang='lat' dir='ltr'><strong>Chi·</strong></span> 
     </span>
     <span class='ocr_line' id='line_1_21' title="bbox 290 2440 1380 2522; baseline -0.002 -17"><span class='ocrx_word' id='word_1_177' title='bbox 290 2460 370 2506; x_wconf 87' lang='lat' dir='ltr'><strong>rone</strong></span> <span class='ocrx_word' id='word_1_178' title='bbox 395 2440 590 2518; x_wconf 72' lang='lat' dir='ltr'><strong>dicebatur:</strong></span> <span class='ocrx_word' id='word_1_179' title='bbox 618 2448 702 2505; x_wconf 84' lang='lat' dir='ltr'><strong>ortu·</strong></span> <span class='ocrx_word' id='word_1_180' title='bbox 746 2442 865 2504; x_wconf 78' lang='lat' dir='ltr'><strong>Possis</strong></span> <span class='ocrx_word' id='word_1_181' title='bbox 894 2443 995 2505; x_wconf 86' lang='lat' dir='ltr'><strong>etiam</strong></span> <span class='ocrx_word' id='word_1_182' title='bbox 1016 2442 1066 2505; x_wconf 90' lang='lat' dir='ltr'><strong>ita</strong></span> <span class='ocrx_word' id='word_1_183' title='bbox 1088 2442 1258 2522; x_wconf 87' lang='lat' dir='ltr'><strong>accipere,</strong></span> <span class='ocrx_word' id='word_1_184' title='bbox 1278 2443 1380 2522; x_wconf 77' lang='lat' dir='ltr'><strong>quasi</strong></span> 
     </span>
    </p>
   </div>
   <div class='ocr_carea' id='block_1_6' title="bbox 189 2536 1378 2623">
    <p class='ocr_par' dir='ltr' id='par_1_6' title="bbox 189 2536 1378 2623">
     <span class='ocr_line' id='line_1_22' title="bbox 189 2536 1378 2623; baseline 0 -20"><span class='ocrx_word' id='word_1_185' title='bbox 189 2570 198 2577; x_wconf 92' lang='lat'><em>·</em></span> <span class='ocrx_word' id='word_1_186' title='bbox 291 2540 411 2604; x_wconf 76' lang='lat' dir='ltr'><strong>Groece</strong></span> <span class='ocrx_word' id='word_1_187' title='bbox 425 2539 557 2615; x_wconf 77' lang='lat' dir='ltr'><strong>luisset,</strong></span> <span class='ocrx_word' id='word_1_188' title='bbox 571 2542 619 2612; x_wconf 78' lang='grc' dir='ltr'><strong>τῆς</strong></span> <span class='ocrx_word' id='word_1_189' title='bbox 634 2541 666 2599; x_wconf 76' lang='lat' dir='ltr'><strong>lx</strong></span> <span class='ocrx_word' id='word_1_190' title='bbox 677 2536 810 2622; x_wconf 71' lang='grc' dir='ltr'><strong><em>Χείρωνος</em></strong></span> <span class='ocrx_word' id='word_1_191' title='bbox 826 2537 1007 2621; x_wconf 66' lang='grc' dir='ltr'><strong><em>καλουμένης,</em></strong></span> <span class='ocrx_word' id='word_1_192' title='bbox 1020 2560 1081 2604; x_wconf 84' lang='lat' dir='ltr'><strong>seu</strong></span> <span class='ocrx_word' id='word_1_193' title='bbox 1100 2537 1262 2623; x_wconf 65' lang='grc' dir='ltr'><strong><em>λεγομένης,</em></strong></span> <span class='ocrx_word' id='word_1_194' title='bbox 1277 2545 1378 2622; x_wconf 76' lang='lat' dir='ltr'><strong>‘quae</strong></span> 
     </span>
    </p>
   </div>
   <div class='ocr_carea' id='block_1_7' title="bbox 288 2638 1455 4223">
    <p class='ocr_par' dir='ltr' id='par_1_7' title="bbox 288 2638 1455 4223">
     <span class='ocr_line' id='line_1_23' title="bbox 290 2638 1378 2719; baseline -0.002 -15"><span class='ocrx_word' id='word_1_195' title='bbox 290 2660 313 2704; x_wconf 90' lang='lat' dir='ltr'><strong>a</strong></span> <span class='ocrx_word' id='word_1_196' title='bbox 337 2638 480 2703; x_wconf 84' lang='lat' dir='ltr'><strong>Chirone</strong></span> <span class='ocrx_word' id='word_1_197' title='bbox 505 2638 822 2719; x_wconf 81' lang='lat' dir='ltr'><strong>cognominabatur,&#39;</strong></span> <span class='ocrx_word' id='word_1_198' title='bbox 849 2640 912 2703; x_wconf 91' lang='lat' dir='ltr'><strong>hoc</strong></span> <span class='ocrx_word' id='word_1_199' title='bbox 940 2646 1004 2716; x_wconf 84' lang='lat' dir='ltr'><strong>eal,</strong></span> <span class='ocrx_word' id='word_1_200' title='bbox 1025 2640 1199 2704; x_wconf 82' lang='lat' dir='ltr'><strong>dicebatur</strong></span> <span class='ocrx_word' id='word_1_201' title='bbox 1220 2638 1378 2703; x_wconf 83' lang='lat' dir='ltr'><strong>Chironis</strong></span> 
     </span>
     <span class='ocr_line' id='line_1_24' title="bbox 288 2737 1377 2823; baseline -0.003 -20"><span class='ocrx_word' id='word_1_202' title='bbox 288 2739 367 2803; x_wconf 87' lang='lat' dir='ltr'><strong>lilia.</strong></span> <span class='ocrx_word' id='word_1_203' title='bbox 411 2740 470 2804; x_wconf 86' lang='lat' dir='ltr'><strong>Sic</strong></span> <span class='ocrx_word' id='word_1_204' title='bbox 491 2738 581 2822; x_wconf 83' lang='lat' dir='ltr'><strong>apud</strong></span> <span class='ocrx_word' id='word_1_205' title='bbox 598 2738 740 2805; x_wconf 88' lang='lat' dir='ltr'><strong>Dionem</strong></span> <span class='ocrx_word' id='word_1_206' title='bbox 756 2739 912 2804; x_wconf 80' lang='lat' dir='ltr'><strong>Cassium</strong></span> <span class='ocrx_word' id='word_1_207' title='bbox 933 2739 992 2804; x_wconf 84' lang='lat' dir='ltr'><strong>lib.</strong></span> <span class='ocrx_word' id='word_1_208' title='bbox 1010 2756 1100 2803; x_wconf 77' lang='lat' dir='ltr'><strong>nvn.</strong></span> <span class='ocrx_word' id='word_1_209' title='bbox 1126 2740 1174 2801; x_wconf 71' lang='lat' dir='ltr'><strong>rie</strong></span> <span class='ocrx_word' id='word_1_210' title='bbox 1190 2737 1312 2823; x_wconf 70' lang='grc' dir='ltr'><strong>Τιβέριον</strong></span> <span class='ocrx_word' id='word_1_211' title='bbox 1325 2738 1377 2801; x_wconf 68' lang='grc' dir='ltr'><strong>ἀπ’</strong></span> 
     </span>
     <span class='ocr_line' id='line_1_25' title="bbox 290 2837 1379 2921; baseline 0.003 -21"><span class='ocrx_word' id='word_1_212' title='bbox 290 2843 376 2915; x_wconf 70' lang='grc' dir='ltr'><strong><em>αὐτῆς</em></strong></span> <span class='ocrx_word' id='word_1_213' title='bbox 390 2837 593 2916; x_wconf 57' lang='lat' dir='ltr'><strong>annuntias,</strong></span> <span class='ocrx_word' id='word_1_214' title='bbox 616 2839 809 2907; x_wconf 84' lang='lat' dir='ltr'><strong>‘Tiberium</strong></span> <span class='ocrx_word' id='word_1_215' title='bbox 824 2841 1053 2921; x_wconf 79' lang='lat' dir='ltr'><strong>cognominari</strong></span> <span class='ocrx_word' id='word_1_216' title='bbox 1075 2859 1118 2903; x_wconf 86' lang='lat' dir='ltr'><strong>ex</strong></span> <span class='ocrx_word' id='word_1_217' title='bbox 1133 2838 1196 2917; x_wconf 87' lang='lat' dir='ltr'><strong>ea,&#39;</strong></span> <span class='ocrx_word' id='word_1_218' title='bbox 1211 2859 1272 2904; x_wconf 78' lang='lat' dir='ltr'><strong>eeu</strong></span> <span class='ocrx_word' id='word_1_219' title='bbox 1287 2838 1379 2903; x_wconf 85' lang='lat' dir='ltr'><strong>‘dici</strong></span> 
     </span>
     <span class='ocr_line' id='line_1_26' title="bbox 289 2937 1378 3022; baseline -0.002 -19"><span class='ocrx_word' id='word_1_220' title='bbox 289 2939 361 3022; x_wconf 84' lang='lat' dir='ltr'><strong>ejus</strong></span> <span class='ocrx_word' id='word_1_221' title='bbox 386 2939 494 3003; x_wconf 85' lang='lat' dir='ltr'><strong>Liviae</strong></span> <span class='ocrx_word' id='word_1_222' title='bbox 522 2938 649 3002; x_wconf 72' lang='lat' dir='ltr'><strong>hlium!</strong></span> <span class='ocrx_word' id='word_1_223' title='bbox 691 2939 862 3004; x_wconf 83' lang='lat' dir='ltr'><strong>Plutarch.</strong></span> <span class='ocrx_word' id='word_1_224' title='bbox 892 2939 935 3002; x_wconf 86' lang='lat' dir='ltr'><strong>ric</strong></span> <span class='ocrx_word' id='word_1_225' title='bbox 957 2937 1090 3002; x_wconf 86' lang='lat' dir='ltr'><strong>Mulier.</strong></span> <span class='ocrx_word' id='word_1_226' title='bbox 1110 2937 1256 3015; x_wconf 86' lang='lat' dir='ltr'><strong>Virtute,</strong></span> <span class='ocrx_word' id='word_1_227' title='bbox 1278 2938 1378 3002; x_wconf 82' lang='lat' dir='ltr'><strong>‘Lex</strong></span> 
     </span>
     <span class='ocr_line' id='line_1_27' title="bbox 289 3036 1378 3124; baseline -0.003 -19"><span class='ocrx_word' id='word_1_228' title='bbox 289 3048 363 3105; x_wconf 72' lang='lat' dir='ltr'><strong>erat</strong></span> <span class='ocrx_word' id='word_1_229' title='bbox 384 3040 557 3114; x_wconf 74' lang='lat' dir='ltr'><strong>Xanthile,</strong></span> <span class='ocrx_word' id='word_1_230' title='bbox 578 3042 617 3119; x_wconf 73' lang='grc' dir='ltr'><strong>μυ)</strong></span> <span class='ocrx_word' id='word_1_231' title='bbox 639 3039 782 3124; x_wconf 65' lang='grc' dir='ltr'><strong><em>πατρόθεν,</em></strong></span> <span class='ocrx_word' id='word_1_232' title='bbox 801 3038 871 3101; x_wconf 76' lang='grc' dir='ltr'><strong>ἄλλ’</strong></span> <span class='ocrx_word' id='word_1_233' title='bbox 892 3038 947 3100; x_wconf 70' lang='grc' dir='ltr'><strong>ἀπὸ</strong></span> <span class='ocrx_word' id='word_1_234' title='bbox 968 3039 1070 3123; x_wconf 73' lang='grc' dir='ltr'><strong><em>μητρὸς</em></strong></span> <span class='ocrx_word' id='word_1_235' title='bbox 1089 3036 1286 3122; x_wconf 72' lang='grc' dir='ltr'><strong>χρηματίζειν,</strong></span> <span class='ocrx_word' id='word_1_236' title='bbox 1300 3057 1341 3101; x_wconf 85' lang='lat' dir='ltr'><strong>ne</strong></span> <span class='ocrx_word' id='word_1_237' title='bbox 1354 3058 1378 3102; x_wconf 74' lang='lat' dir='ltr'><strong>a</strong></span> 
     </span>
     <span class='ocr_line' id='line_1_28' title="bbox 288 3137 1455 3229; baseline -0.004 -24"><span class='ocrx_word' id='word_1_238' title='bbox 288 3147 393 3224; x_wconf 81' lang='lat' dir='ltr'><strong>patre,</strong></span> <span class='ocrx_word' id='word_1_239' title='bbox 407 3141 466 3205; x_wconf 77' lang='lat' dir='ltr'><strong>sed</strong></span> <span class='ocrx_word' id='word_1_240' title='bbox 486 3160 508 3205; x_wconf 89' lang='lat' dir='ltr'><strong>a</strong></span> <span class='ocrx_word' id='word_1_241' title='bbox 523 3146 624 3229; x_wconf 83' lang='lat' dir='ltr'><strong>matre</strong></span> <span class='ocrx_word' id='word_1_242' title='bbox 638 3137 967 3221; x_wconf 76' lang='lat' dir='ltr'><strong>cognominarentur,&#39;</strong></span> <span class='ocrx_word' id='word_1_243' title='bbox 981 3140 1045 3203; x_wconf 90' lang='lat' dir='ltr'><strong>hoc</strong></span> <span class='ocrx_word' id='word_1_244' title='bbox 1060 3145 1299 3216; x_wconf 65' lang='lat' dir='ltr'><strong>caturcorum</strong></span> <span class='ocrx_word' id='word_1_245' title='bbox 1314 3158 1377 3201; x_wconf 89' lang='lat' dir='ltr'><strong>no-</strong></span> <span class='ocrx_word' id='word_1_246' title='bbox 1449 3216 1455 3227; x_wconf 37' lang='lat'><strong>·</strong></span> 
     </span>
     <span class='ocr_line' id='line_1_29' title="bbox 289 3237 1379 3323; baseline -0.006 -17"><span class='ocrx_word' id='word_1_247' title='bbox 289 3242 372 3306; x_wconf 87' lang='lat' dir='ltr'><strong>mini</strong></span> <span class='ocrx_word' id='word_1_248' title='bbox 393 3241 578 3317; x_wconf 87' lang='lat' dir='ltr'><strong>adderetur,</strong></span> <span class='ocrx_word' id='word_1_249' title='bbox 590 3260 656 3306; x_wconf 90' lang='lat' dir='ltr'><strong>nou</strong></span> <span class='ocrx_word' id='word_1_250' title='bbox 670 3240 768 3323; x_wconf 87' lang='lat' dir='ltr'><strong>cujus</strong></span> <span class='ocrx_word' id='word_1_251' title='bbox 789 3241 906 3323; x_wconf 87' lang='lat' dir='ltr'><strong>patris,</strong></span> <span class='ocrx_word' id='word_1_252' title='bbox 923 3237 984 3303; x_wconf 83' lang='lat' dir='ltr'><strong>sed</strong></span> <span class='ocrx_word' id='word_1_253' title='bbox 1007 3240 1106 3322; x_wconf 80' lang='lat' dir='ltr'><strong>cujus</strong></span> <span class='ocrx_word' id='word_1_254' title='bbox 1127 3239 1241 3302; x_wconf 79' lang='lat' dir='ltr'><strong>matris</strong></span> <span class='ocrx_word' id='word_1_255' title='bbox 1261 3246 1379 3301; x_wconf 79' lang='lat' dir='ltr'><strong>essent</strong></span> 
     </span>
     <span class='ocr_line' id='line_1_30' title="bbox 289 3334 1378 3421; baseline -0.006 -15"><span class='ocrx_word' id='word_1_256' title='bbox 289 3342 362 3407; x_wconf 77' lang='lat' dir='ltr'><strong>filli·</strong></span> <span class='ocrx_word' id='word_1_257' title='bbox 384 3343 538 3407; x_wconf 77' lang='lat' dir='ltr'><strong>AElianus</strong></span> <span class='ocrx_word' id='word_1_258' title='bbox 550 3342 676 3405; x_wconf 74' lang='lat' dir='ltr'><strong>vl11.5·</strong></span> <span class='ocrx_word' id='word_1_259' title='bbox 690 3338 739 3421; x_wconf 67' lang='grc' dir='ltr'><strong>ἀφ’</strong></span> <span class='ocrx_word' id='word_1_260' title='bbox 753 3334 790 3401; x_wconf 73' lang='grc' dir='ltr'><strong>ὅν</strong></span> <span class='ocrx_word' id='word_1_261' title='bbox 802 3344 832 3401; x_wconf 80' lang='lat' dir='ltr'><strong>al</strong></span> <span class='ocrx_word' id='word_1_262' title='bbox 846 3340 950 3402; x_wconf 71' lang='lat' dir='ltr'><strong>reinna</strong></span> <span class='ocrx_word' id='word_1_263' title='bbox 962 3338 1057 3412; x_wconf 67' lang='grc' dir='ltr'><strong>πόλεις</strong></span> <span class='ocrx_word' id='word_1_264' title='bbox 1072 3336 1236 3414; x_wconf 65' lang='lat' dir='ltr'><strong>intritam,</strong></span> <span class='ocrx_word' id='word_1_265' title='bbox 1250 3341 1292 3401; x_wconf 75' lang='lat' dir='ltr'><strong>‘a</strong></span> <span class='ocrx_word' id='word_1_266' title='bbox 1301 3340 1378 3418; x_wconf 83' lang='lat' dir='ltr'><strong>qul·</strong></span> 
     </span>
     <span class='ocr_line' id='line_1_31' title="bbox 289 3436 1378 3525; baseline -0.006 -20"><span class='ocrx_word' id='word_1_267' title='bbox 289 3444 354 3505; x_wconf 85' lang='lat' dir='ltr'><strong>bus</strong></span> <span class='ocrx_word' id='word_1_268' title='bbox 366 3458 436 3505; x_wconf 83' lang='lat' dir='ltr'><strong>xri.</strong></span> <span class='ocrx_word' id='word_1_269' title='bbox 451 3444 520 3508; x_wconf 79' lang='lat' dir='ltr'><strong>illae</strong></span> <span class='ocrx_word' id='word_1_270' title='bbox 541 3445 641 3507; x_wconf 87' lang='lat' dir='ltr'><strong>urbes</strong></span> <span class='ocrx_word' id='word_1_271' title='bbox 654 3440 924 3525; x_wconf 84' lang='lat' dir='ltr'><strong>appellabantur,’</strong></span> <span class='ocrx_word' id='word_1_272' title='bbox 940 3440 1018 3503; x_wconf 86' lang='lat' dir='ltr'><strong>dnm</strong></span> <span class='ocrx_word' id='word_1_273' title='bbox 1033 3439 1163 3502; x_wconf 81' lang='lat' dir='ltr'><strong>scilicet</strong></span> <span class='ocrx_word' id='word_1_274' title='bbox 1176 3436 1244 3500; x_wconf 82' lang='lat' dir='ltr'><strong>illae</strong></span> <span class='ocrx_word' id='word_1_275' title='bbox 1261 3438 1378 3513; x_wconf 85' lang='lat' dir='ltr'><strong>nrbes,</strong></span> 
     </span>
     <span class='ocr_line' id='line_1_32' title="bbox 290 3536 1380 3623; baseline -0.003 -19"><span class='ocrx_word' id='word_1_276' title='bbox 290 3536 353 3604; x_wconf 81' lang='lat' dir='ltr'><strong>suo</strong></span> <span class='ocrx_word' id='word_1_277' title='bbox 372 3543 507 3622; x_wconf 83' lang='lat' dir='ltr'><strong>proprio</strong></span> <span class='ocrx_word' id='word_1_278' title='bbox 522 3543 652 3605; x_wconf 86' lang='lat' dir='ltr'><strong>nomine</strong></span> <span class='ocrx_word' id='word_1_279' title='bbox 673 3540 834 3623; x_wconf 73' lang='lat' dir='ltr'><strong>proeditoe,</strong></span> <span class='ocrx_word' id='word_1_280' title='bbox 856 3542 957 3622; x_wconf 76' lang='lat' dir='ltr'><strong>vulgo</strong></span> <span class='ocrx_word' id='word_1_281' title='bbox 971 3540 1071 3603; x_wconf 86' lang='lat' dir='ltr'><strong>etiam</strong></span> <span class='ocrx_word' id='word_1_282' title='bbox 1093 3538 1288 3601; x_wconf 86' lang='lat' dir='ltr'><strong>dicebantur</strong></span> <span class='ocrx_word' id='word_1_283' title='bbox 1299 3537 1380 3601; x_wconf 90' lang='lat' dir='ltr'><strong>illo-</strong></span> 
     </span>
     <span class='ocr_line' id='line_1_33' title="bbox 289 3636 1378 3705; baseline -0.004 -1"><span class='ocrx_word' id='word_1_284' title='bbox 289 3659 360 3704; x_wconf 85' lang='lat' dir='ltr'><strong>rum</strong></span> <span class='ocrx_word' id='word_1_285' title='bbox 373 3658 449 3702; x_wconf 81' lang='lat' dir='ltr'><strong>esse</strong></span> <span class='ocrx_word' id='word_1_286' title='bbox 463 3640 642 3703; x_wconf 86' lang='lat' dir='ltr'><strong>homiuum.</strong></span> <span class='ocrx_word' id='word_1_287' title='bbox 675 3639 763 3704; x_wconf 90' lang='lat' dir='ltr'><strong>lhid.</strong></span> <span class='ocrx_word' id='word_1_288' title='bbox 782 3640 984 3705; x_wconf 71' lang='lat' dir='ltr'><strong>‘Medicinae</strong></span> <span class='ocrx_word' id='word_1_289' title='bbox 998 3636 1099 3703; x_wconf 83' lang='lat' dir='ltr'><strong>artis&#39;</strong></span> <span class='ocrx_word' id='word_1_290' title='bbox 1113 3638 1148 3700; x_wconf 92' lang='lat' dir='ltr'><strong>in</strong></span> <span class='ocrx_word' id='word_1_291' title='bbox 1163 3638 1227 3700; x_wconf 91' lang='lat' dir='ltr'><strong>hoc</strong></span> <span class='ocrx_word' id='word_1_292' title='bbox 1239 3640 1378 3700; x_wconf 85' lang='lat' dir='ltr'><strong>auctore</strong></span> 
     </span>
     <span class='ocr_line' id='line_1_34' title="bbox 289 3735 1378 3821; baseline -0.005 -17"><span class='ocrx_word' id='word_1_293' title='bbox 289 3740 334 3804; x_wconf 89' lang='lat' dir='ltr'><strong>ad</strong></span> <span class='ocrx_word' id='word_1_294' title='bbox 348 3739 572 3805; x_wconf 80' lang='lat' dir='ltr'><strong>Groecismum</strong></span> <span class='ocrx_word' id='word_1_295' title='bbox 591 3739 704 3821; x_wconf 84' lang='lat' dir='ltr'><strong>potius</strong></span> <span class='ocrx_word' id='word_1_296' title='bbox 726 3740 846 3814; x_wconf 85' lang='lat' dir='ltr'><strong>resero,</strong></span> <span class='ocrx_word' id='word_1_297' title='bbox 861 3759 960 3820; x_wconf 85' lang='lat' dir='ltr'><strong>quarn</strong></span> <span class='ocrx_word' id='word_1_298' title='bbox 983 3759 1061 3804; x_wconf 84' lang='lat' dir='ltr'><strong>cum</strong></span> <span class='ocrx_word' id='word_1_299' title='bbox 1075 3736 1237 3819; x_wconf 84' lang='lat' dir='ltr'><strong>Scioppio</strong></span> <span class='ocrx_word' id='word_1_300' title='bbox 1251 3735 1293 3798; x_wconf 88' lang='lat' dir='ltr'><strong>ad</strong></span> <span class='ocrx_word' id='word_1_301' title='bbox 1310 3736 1378 3800; x_wconf 80' lang='lat' dir='ltr'><strong>Ar-</strong></span> 
     </span>
     <span class='ocr_line' id='line_1_35' title="bbox 289 3835 1377 3924; baseline -0.005 -20"><span class='ocrx_word' id='word_1_302' title='bbox 289 3840 485 3904; x_wconf 84' lang='lat' dir='ltr'><strong>chaismum.</strong></span> <span class='ocrx_word' id='word_1_303' title='bbox 507 3838 639 3904; x_wconf 79' lang='lat' dir='ltr'><strong>Groecis</strong></span> <span class='ocrx_word' id='word_1_304' title='bbox 650 3838 775 3924; x_wconf 73' lang='grc' dir='ltr'><strong><em>ἰατρικη</em></strong></span> <span class='ocrx_word' id='word_1_305' title='bbox 786 3836 873 3922; x_wconf 74' lang='grc' dir='ltr'><strong><em>τῦχνη</em></strong></span> <span class='ocrx_word' id='word_1_306' title='bbox 889 3839 1019 3904; x_wconf 86' lang='lat' dir='ltr'><strong>dicitur.</strong></span> <span class='ocrx_word' id='word_1_307' title='bbox 1043 3839 1123 3902; x_wconf 68' lang='lat' dir='ltr'><strong>rufi.</strong></span> <span class='ocrx_word' id='word_1_308' title='bbox 1137 3835 1234 3900; x_wconf 88' lang='lat' dir='ltr'><strong>‘Non</strong></span> <span class='ocrx_word' id='word_1_309' title='bbox 1246 3835 1377 3899; x_wconf 82' lang='lat' dir='ltr'><strong>alienos</strong></span> 
     </span>
     <span class='ocr_line' id='line_1_36' title="bbox 290 3933 1378 4022; baseline -0.005 -18"><span class='ocrx_word' id='word_1_310' title='bbox 290 3939 417 4022; x_wconf 73' lang='lat' dir='ltr'><strong>generis</strong></span> <span class='ocrx_word' id='word_1_311' title='bbox 433 3936 507 4015; x_wconf 84' lang='lat' dir='ltr'><strong>sui,&#39;</strong></span> <span class='ocrx_word' id='word_1_312' title='bbox 517 3944 551 4002; x_wconf 89' lang='lat' dir='ltr'><strong>et</strong></span> <span class='ocrx_word' id='word_1_313' title='bbox 565 3956 613 4001; x_wconf 84' lang='lat' dir='ltr'><strong>vr.</strong></span> <span class='ocrx_word' id='word_1_314' title='bbox 627 3941 658 4004; x_wconf 88' lang='grc'><strong>7.</strong></span> <span class='ocrx_word' id='word_1_315' title='bbox 681 3938 879 4004; x_wconf 78' lang='lat' dir='ltr'><strong>‘Aesandro</strong></span> <span class='ocrx_word' id='word_1_316' title='bbox 896 3958 961 4002; x_wconf 90' lang='lat' dir='ltr'><strong>non</strong></span> <span class='ocrx_word' id='word_1_317' title='bbox 977 3939 1088 4003; x_wconf 88' lang='lat' dir='ltr'><strong>alieno</strong></span> <span class='ocrx_word' id='word_1_318' title='bbox 1108 3933 1223 4000; x_wconf 64' lang='lat' dir='ltr'><strong>Pelei!</strong></span> <span class='ocrx_word' id='word_1_319' title='bbox 1265 3933 1378 3999; x_wconf 85' lang='lat' dir='ltr'><strong>Plane</strong></span> 
     </span>
     <span class='ocr_line' id='line_1_37' title="bbox 288 4031 1379 4122; baseline -0.003 -20"><span class='ocrx_word' id='word_1_320' title='bbox 288 4040 338 4103; x_wconf 86' lang='lat' dir='ltr'><strong>uti</strong></span> <span class='ocrx_word' id='word_1_321' title='bbox 353 4039 444 4122; x_wconf 80' lang='lat' dir='ltr'><strong>apud</strong></span> <span class='ocrx_word' id='word_1_322' title='bbox 466 4038 607 4104; x_wconf 67' lang='lat' dir='ltr'><strong>Grecos</strong></span> <span class='ocrx_word' id='word_1_323' title='bbox 629 4059 704 4103; x_wconf 87' lang='lat' dir='ltr'><strong>cum</strong></span> <span class='ocrx_word' id='word_1_324' title='bbox 725 4038 791 4102; x_wconf 94' lang='lat' dir='ltr'><strong>hoc</strong></span> <span class='ocrx_word' id='word_1_325' title='bbox 812 4057 895 4102; x_wconf 82' lang='lat' dir='ltr'><strong>cusu</strong></span> <span class='ocrx_word' id='word_1_326' title='bbox 917 4039 1121 4102; x_wconf 84' lang='lat' dir='ltr'><strong>construitur</strong></span> <span class='ocrx_word' id='word_1_327' title='bbox 1143 4034 1176 4096; x_wconf 82' lang='lat' dir='ltr'><strong>ri</strong></span> <span class='ocrx_word' id='word_1_328' title='bbox 1202 4031 1379 4116; x_wconf 55' lang='lat' dir='ltr'><strong>&#39;Aahirproa</strong></span> 
     </span>
     <span class='ocr_line' id='line_1_38' title="bbox 289 4129 1378 4223; baseline -0.009 -17"><span class='ocrx_word' id='word_1_329' title='bbox 289 4159 365 4223; x_wconf 84' lang='lat' dir='ltr'><strong>cap.</strong></span> <span class='ocrx_word' id='word_1_330' title='bbox 382 4141 433 4203; x_wconf 81' lang='lat'><strong>15.</strong></span> <span class='ocrx_word' id='word_1_331' title='bbox 455 4138 574 4203; x_wconf 89' lang='lat' dir='ltr'><strong>‘Nihil</strong></span> <span class='ocrx_word' id='word_1_332' title='bbox 596 4137 892 4215; x_wconf 78' lang='lat' dir='ltr'><strong>summetucntom,&#39;</strong></span> <span class='ocrx_word' id='word_1_333' title='bbox 918 4137 1051 4215; x_wconf 81' lang='lat' dir='ltr'><strong>Graece,</strong></span> <span class='ocrx_word' id='word_1_334' title='bbox 1073 4134 1145 4200; x_wconf 71' lang='lat' dir='ltr'><strong>othir</strong></span> <span class='ocrx_word' id='word_1_335' title='bbox 1170 4129 1378 4213; x_wconf 66' lang='grc' dir='ltr'><strong>ὑποδεδοικότα,</strong></span> 
     </span>
    </p>
   </div>
   <div class='ocr_carea' id='block_1_8' title="bbox 0 0 1522 4928">
    <p class='ocr_par' dir='ltr' id='par_1_8' title="bbox 0 0 1522 4928">
     <span class='ocr_line' id='line_1_39' title="bbox 0 0 1522 4928; baseline 0 0"><span class='ocrx_word' id='word_1_336' title='bbox 0 0 1522 4928; x_wconf 95' lang='lat' dir='ltr'><strong> </strong></span> 
     </span>
    </p>
   </div>
  </div>
 </body>
</html>
