3034 4928
469 972 565 1060 AD
616 974 1003 1072 LECTOREM.

583 1224 883 1294 a

187 1420 410 1517 Posronsn
427 1441 469 1506 L.
483 1441 630 1521 urorum,
643 1445 677 1509 in
702 1464 799 1510 nsum
818 1444 1064 1513 Suuunrssrrrr
1080 1448 1270 1514 Duurrrrnr

187 1538 292 1616 edidi,
308 1541 442 1619 Lector,
459 1543 595 1626 Dictym
613 1543 802 1609 Cretensem
819 1546 861 1611 de
874 1547 965 1613 bello
979 1549 1126 1633 'l'rojuuo
1141 1548 1273 1632 aggredi

181 1640 287 1723 Jussu
297 1660 382 1704 sum.
427 1643 556 1708 Notum
572 1650 627 1709 est
638 1665 714 1708 enm
728 1647 828 1730 vulgo
838 1650 1089 1732 supposititium
1101 1650 1202 1728 credi,
1214 1650 1274 1714 sed

187 1756 244 1802 res
258 1740 386 1805 creditu
409 1749 536 1808 tentum
559 1754 594 1808 et
616 1748 785 1813 anemius
800 1748 907 1813 adhue
923 1752 1072 1833 probatu.
1114 1749 1226 1827 Quare
1237 1750 1274 1814 id

188 1842 228 1903 iu
241 1843 359 1923 primis
371 1844 453 1907 mihi
468 1846 674 1928 probandum
682 1850 810 1930 putori,
825 1856 860 1913 et
872 1849 915 1913 iis
928 1851 1138 1933 argumentis,
1151 1842 1274 1933 quibus

189 1940 280 2007 fides
307 1943 457 2026 derogari
481 1964 548 2010 nou
574 1957 697 2029 posset,
719 1949 972 2031 pervincenduun
992 1951 1112 2016 fulsum
1137 1953 1274 2035 Dictym
1344 2026 1350 2039 ,

190 2062 268 2106 esse
290 2044 387 2107 hunc.
439 2043 539 2128 Coepi
557 2031 683 2137 ‘itaque
704 2057 860 2114 accumte
881 2069 949 2115 rem
974 2049 1142 2133 persequi,
1166 2070 1274 2133 esque

190 2144 304 2208 omniu
318 2145 487 2227 colligere,
503 2165 580 2228 quse
600 2148 670 2231 jum
686 2150 766 2213 olim
787 2152 871 2214 bene
885 2151 989 2215 mults
1002 2148 1060 2214 hic
1072 2149 1274 2214 animadver-

191 2250 297 2307 terem
310 2265 331 2309 e
346 2247 525 2323 veteribus,
542 2249 594 2312 vel
609 2249 784 2331 immutata
806 2250 860 2312 vel
877 2249 1086 2323 adumbrato,
1101 2254 1202 2330 utque
1216 2249 1275 2326 itu,

195 2343 291 2423 quod
313 2345 422 2424 prime
446 2346 550 2410 fronte
578 2347 659 2411 mihi
679 2367 761 2413 ,uon
789 2348 921 2429 exigere
950 2347 1049 2411 molis
1081 2364 1157 2410 csse
1185 2347 1276 2413 vide·

197 2440 304 2518 betur,
320 2442 428 2506 mutes
452 2444 517 2508 sere
544 2466 675 2523 ornnes,
697 2447 785 2511 uude
806 2464 869 2510 sue
888 2446 1002 2511 hausit
1025 2445 1075 2511 sic
1100 2452 1224 2525 noster,
1238 2457 1276 2512 nt

193 2540 364 2606 historiam
381 2563 475 2608 suum
490 2547 714 2623 concinnaret,
729 2549 859 2631 sperui·
914 2547 1034 2611 Hebes
1056 2547 1167 2629 igitur,
1191 2548 1274 2614 Iseo·

191 2647 256 2719 tor,
271 2642 535 2728 Pseudodictym
557 2647 763 2725 historicum,
778 2648 837 2713 sed
854 2648 965 2713 utilem
980 2655 1090 2713 tumen
1112 2655 1146 2714 et
1166 2651 1275 2713 erudi·

190 2752 278 2806 tum.
323 2744 359 2809 is
389 2765 470 2810 sune
496 2755 623 2812 veteres
645 2768 761 2813 omnes
783 2749 960 2831 scriptores
984 2747 1027 2813 de
1059 2749 1276 2831 expeditione

193 2844 402 2921 Graecornm,
418 2846 528 2928 deque
556 2866 666 2913 comm
694 2849 811 2925 reditu,
838 2849 1009 2932 diligenter
1036 2850 1209 2932 pervolvit,
1230 2870 1275 2915 ex

71 2949 78 2961 '
193 2966 311 3010 eorum
326 2946 593 3030 discrepantibus
615 2950 773 3015 interdum
795 2951 964 3014 sententiis
979 2968 1039 3014 ens
1060 2950 1189 3034 srepius
1209 2950 1276 3015 eie·

194 3048 254 3128 git,
267 3066 342 3130 quae
358 3066 381 3110 u
402 3046 553 3129 pluribus
567 3053 601 3112 et
615 3069 636 3113 e
649 3051 853 3131 gravioribus
867 3049 1050 3114 truduntur.
1093 3050 1129 3113 ls
1142 3048 1277 3134 poetice

195 3150 307 3211 omniu
319 3147 473 3230 tigmeutn
488 3153 640 3223 resecuit,
656 3151 707 3214 vei
721 3170 763 3215 eu
774 3150 975 3221 edhistoriae
986 3148 1085 3213 fldem
1095 3150 1145 3212 sie
1161 3149 1277 3212 immo·

195 3248 291 3325 tevit,
313 3254 351 3312 ut
363 3248 447 3313 nihil
460 3256 577 3314 contre
591 3252 912 3316 verisimilitudinem
924 3259 1051 3333 peccet.
1095 3249 1275 3311 Homerum

194 3349 369 3432 praecipue
381 3351 578 3433 equitum
591 3370 658 3436 quo
674 3361 784 3417 temen
799 3354 925 3434 saepius
940 3349 1105 3424 dissentit,
1119 3355 1157 3410 ut
1171 3346 1223 3410 rel
1237 3347 1279 3412 de

196 3456 344 3529 tempore
355 3451 433 3532 ipso
447 3451 681 3532 expeditionis.
726 3453 896 3516 Homerus
917 3451 1052 3532 quippe,
1066 3453 1098 3512 et
1112 3454 1189 3531 post
1200 3466 1276 3514 eum

196 3548 256 3611 ulii
271 3550 353 3614 bene
372 3551 479 3627 multi,
499 3558 589 3616 totos
611 3555 727 3635 viginti
750 3570 854 3617 anuos
878 3551 954 3615 huic
976 3551 1136 3615 insumtou
1150 3549 1276 3628 dieunt,

194 3668 318 3733 nempe
341 3651 533 3717 decennium
557 3655 717 3718 exercitui
742 3652 940 3736 colligendo,
954 3657 987 3716 et
1001 3652 1142 3716 ulterum
1156 3651 1278 3716 deeeu·

193 3751 284 3814 nium
300 3749 344 3814 nd
359 3749 498 3834 Trojem
521 3753 686 3830 bettendo,
701 3757 752 3818 ite
765 3756 850 3817 euim
865 3751 954 3836 opud
970 3769 1046 3815 eum
1063 3751 1211 3816 Helene.

361 3848 440 3927 'ms
453 3856 513 3937 γὰρ
530 3859 573 3916 νῦν
585 3880 632 3933 μοι
642 3855 703 3917 ro‘dr
717 3858 840 3928 εἰκοστὸς
855 3851 913 3927 ἴτυς
925 3852 1010 3930 ieris,

369 3949 424 4026 Ἓξ
435 3948 466 4012 οὗ
475 3952 558 4015 κιῖθιν
571 3953 646 4033 ider,
661 3955 709 4018 sai
725 3956 790 4036 ipe,
804 3951 965 4030 ἆπιλήλυθα
980 3950 1096 4036 πάτρης.

274 4104 279 4115 ·
370 4066 447 4131 Jum
459 4070 544 4133 enim
558 4090 644 4135 nunc
659 4072 739 4136 mihi
747 4071 928 4154 vigesimus
942 4087 1050 4133 onnus
1059 4075 1128 4151 ost,

371 4165 503 4250 Exque
519 4170 581 4234 huc
598 4173 671 4236 veni
687 4180 720 4237 et
734 4193 755 4237 u
768 4192 841 4236 meu
855 4170 997 4236 discessi
1010 4158 1128 4251 petrin.
