3034 4928
315 419 360 484 82
711 423 840 471 ΛΜΗ)
863 418 1003 471 sulus·

317 597 438 645 novae
453 575 602 653 stillanti
614 574 750 641 viduare
765 531 965 656 emergerent
981 569 1106 654 capita,
1114 566 1301 699 fabulatur
1291 567 1393 701 Apol·

317 680 473 745 lodorus
476 675 643 741 Biblioth.
647 692 701 738 ιι.

319 778 476 862 Hujus
489 780 601 840 autem
617 773 746 858 Hydrae
761 773 807 838 t'el
822 777 905 837 erat
914 779 1015 837 tantae
1038 768 1263 852 malignitatis,
1277 774 1316 832 ut
1336 766 1395 850 spi·

296 864 393 944 ‘cula
408 898 450 943 eo
467 872 571 941 tincta
583 877 721 941 vulnera
742 874 929 956 indigerent
948 871 1157 937 insanabilia.
1201 868 1340 934 Diodor.
1355 883 1395 931 ιι.
1468 918 1469 929 ,

289 1027 302 1048 .
319 980 373 1063 ll.
389 977 554 1062 Hyginus.
568 976 622 1041 30.
639 975 722 1039 Fab.
738 974 878 1051 Seneca,
900 972 947 1037 Η.
962 972 1039 1036 Fur.
1053 970 1149 1035 lass.
1171 976 1256 1034 utet
1267 968 1396 1049 AEscly·

319 1080 384 1156 lus,
400 1078 579 1153 Pindarus,
592 1081 652 1143 &a

365 1179 529 1244 Nummus
544 1179 613 1243 -hic
635 1185 685 1243 est
710 1177 947 1252 Phaestiorum,
972 1175 1006 1237 iu
1035 1173 1158 1253 Greta3
1193 1192 1294 1257 quem
1316 1170 1396 1234 dedit

321 1282 431 1347 Graec.
448 1280 593 1344 Insular.
606 1281 639 1343 7.
661 1279 749 1344 Tab.
773 1277 867 1341 Hub.
890 1275 1053 1354 Goltzius,
1078 1283 1114 1339 et
1135 1274 1212 1339 225.
1234 1271 1397 1338 illustrarit

323 1381 408 1446 Lnd.
423 1378 590 1444 Nunnius.

650 1611 743 1676 xx.
776 1608 1087 1676 'susurrans
1121 1564 1128 1579 ’

703 1763 785 1844 Lis.
802 1779 852 1825 rv.
875 1760 964 1825 Gar.
983 1756 1038 1824 14.ι

324 1945 436 2008 ‘luter
448 1962 524 2026 quae
538 1944 678 2009 nuneius
689 1943 825 2009 Priamo
840 1943 1045 2027 supervenit,
1058 1942 1265 2026 Eurypylum
1274 1940 1400 2023 Telephi

365 2066 407 2111 ex
430 2044 556 2111 Moesia
578 2044 768 2122 adventare,
792 2064 888 2129 qnam
916 2063 975 2108 rex
1004 2044 1120 2107 multis
1146 2051 1243 2107 antea
1263 2043 1399 2106 illectura

366 2145 514 2229 praemiis
538 2146 582 2209 ad
607 2150 806 2228 postremum
821 2145 989 2209 oblatione
1012 2144 1192 2226 desponsae
1208 2140 1399 2207 Cassandra

365 2245 638 2312 confirmaverat!

367 2380 619 2455 Ευιιγιιιιιε,
632 2380 720 2443 filius
728 2378 870 2461 Telephi
880 2384 916 2442 et
927 2376 1112 2460 Astyochae
1127 2376 1221 2461 (qnae
1236 2393 1327 2438 soror
1337 2372 1402 2436 Pri·

325 2475 409 2560 ami)
428 2483 564 2560 propter
592 2497 738 2542 amorem
753 2477 950 2541 emanare
975 2476 1131 2560 Trojanis
1160 2497 1260 2561 opem
1283 2477 1401 2549 tereus3

326 2576 526 2642 adducendo
541 2575 699 2653 Cetheos,
714 2577 838 2660 quibus
860 2577 1045 2660 imperabat
1060 2580 1105 2642 ad
1120 2577 1263 2642 (laicum
1277 2591 1402 2640 amnem

326 2676 371 2754 Q
386 2675 591 2759 Smyrnaeus,
609 2693 660 2741 vr.
675 2678 752 2740 1⁶21.

371 2776 452 2840 Fuit
480 2783 591 2840 autem
611 2778 861 2860 pulcherrimus,
892 2778 1044 2843 Homero
1073 2784 1171 2854 teste,
1201 2778 1291 2863 apud
1319 2790 1403 2858 quem

325 2875 410 2960 (οᾱ.
433 2889 463 2940 λ.
490 2875 583 2960 519.)
618 2878 701 2942 inter
736 2878 913 2944 infernales
946 2880 1079 2943 umbras
1110 2880 1257 2943 occurrit
1291 2873 1403 2956 ulyssi.

328 2977 396 3042 Sed
419 2984 452 3042 et
476 2978 630 3056 bellator,
646 2980 680 3042 in
702 2979 830 3062 praeliis
850 2981 1011 3063 plurimos
1041 2980 1184 3044 Graecos
1212 2979 1404 3046 interimens,

327 3078 532 3161 tandemque
541 3086 659 3142 tamen
673 3080 759 3162 ipse,
775 3078 901 3162 Pyrrho
915 3080 1065 3159 feriente,
1080 3082 1296 3146 occumbens.
1322 3076 1406 3141 Idem

328 3176 520 3260 Smyrnaeus
537 3194 604 3242 vrr.
618 3178 692 3244 180.

281 3354 287 3363 ,
371 3276 521 3344 Cernitur
536 3279 725 3366 Eurypylus
739 3281 774 3344 in
790 3280 1063 3362 Pergamenorum
1088 3280 1315 3357 Numismate‚
1330 3271 1406 3359 apud

329 3377 451 3444 Fueoh.
476 3380 727 3464 spanhemium,
754 3384 796 3448 de
824 3380 927 3445 Num.
952 3399 1004 3444 us·
1027 3389 1061 3449 et
1086 3380 1268 3447 Praestent.
1286 3398 1319 3443 v.
1342 3373 1407 3441 479.

331 3479 498 3543 Hadriani
513 3479 601 3564 Imp.
615 3488 766 3567 tempora
786 3501 955 3565 percusso.
999 3480 1096 3547 Unde
1121 3483 1274 3565 Begerus
1298 3481 1408 3559 Perga·

330 3598 456 3654 menos,
478 3580 653 3645 Hadriano
675 3585 969 3666 supparasitautes,
982 3583 1124 3667 ejusque
1148 3586 1299 3650 favorem
1320 3598 1408 3647 anou-

331 3686 461 3763 pautes,
477 3679 510 3741 in
527 3679 702 3762 Eurypylo
723 3682 793 3747 iere
808 3681 942 3748 Antinoi
965 3683 1172 3752 dilectissimi
1193 3687 1335 3771 effigiem
1360 3699 1410 3745 ex·

332 3778 508 3864 pressisse,
524 3797 590 3843 non
605 3781 809 3863 ineleganter
832 3785 980 3868 conjicit.
