3006 4906
423 391 471 438 nn
496 389 625 440 exero.
648 382 776 442 ranis
800 394 945 446 rrrsrora
1159 388 1224 453 335

120 559 162 604 se
178 540 218 603 in
231 535 300 601 fide
311 534 507 617 mogunt
551 535 710 615 Antenor,
731 542 767 601 ut
780 537 861 603 vidit
875 559 912 603 so
926 542 1131 623 obstrictum,
1146 548 1221 613 mit·

121 641 166 704 tit
181 638 228 703 ad
247 637 396 713 AEneanm
411 635 540 713 dicens,
556 635 760 718 prodendam
776 656 854 702 esse
869 628 1023 722 patriam,
1038 650 1072 707 et
1086 646 1152 709 sibi
1166 666 1222 712 sn-

120 741 226 822 isque
240 736 428 803 cavendnm
441 756 538 801 esse:
562 730 605 801 od
627 735 913 819 Agamemnonem
937 740 979 805 de
1000 743 1052 806 his
1077 746 1220 830 aliquem

121 839 324 905 mittendum
340 856 437 902 esse:
461 857 537 903 nam
551 857 660 922 regem
675 839 795 903 iratum
808 839 849 904 de
863 842 1005 907 coneilio
1027 850 1219 928 surrexisse,

124 942 210 1027 quia
225 940 257 1003 ei
273 957 395 1022 paoem
409 940 572 1004 suaserit:
595 940 699 1004 vereri
722 959 760 1004 se
780 960 822 1005 ne
836 941 917 1024 quid
931 944 1011 1009 nori
1024 946 1155 1012 consilii
1169 950 1221 1013 iu·

124 1049 194 1105 ent.
239 1040 363 1122 ltaque
377 1049 495 1104 omnes
509 1041 721 1125 promittunt:
737 1043 916 1124 statimque
934 1043 1220 1128 Polydamantem,

125 1145 246 1225 quiex
257 1142 310 1206 lris
325 1161 411 1205 nnus
427 1148 511 1217 eret,
519 1141 562 1205 ad
572 1137 858 1221 Agamemnonem
874 1144 961 1208 elam
976 1146 1121 1217 mittunt.
1152 1148 1221 1213 Po·

118 1242 285 1325 lydamas
313 1243 349 1306 in
377 1250 489 1307 castra
516 1240 717 1324 Argivorum
746 1245 905 1325 pervenit,
941 1243 1220 1327 Agamemnonem

126 1345 295 1422 eonreuit,
318 1342 472 1427 dixitque
499 1362 542 1408 ea
564 1363 640 1426 qum
666 1344 738 1407 suis
764 1345 960 1427 placerent.⁷
1014 1348 1098 1430 [lo]
1130 1348 1221 1434 Aga·

127 1461 285 1507 memnon
308 1443 395 1507 olam
416 1447 513 1508 noete
535 1463 649 1507 omnes
674 1444 775 1508 duces
795 1444 829 1509 in
847 1447 1022 1513 eoncilium
1044 1460 1221 1531 convocat,

126 1543 227 1608 refert
239 1543 379 1609 eadem:
401 1543 483 1626 quid
499 1546 621 1627 cuique
637 1544 799 1623 videntur,
822 1547 932 1613 dioere
947 1550 1060 1633 Jubet.
1104 1550 1219 1618 Omni·

126 1645 193 1710 bns
208 1645 367 1727 pleoitnm
382 1650 444 1721 est,
465 1651 501 1709 ut
522 1644 605 1709 tides
628 1647 851 1728 proditoribus
875 1655 1031 1715 servetur.
1075 1650 1218 1734 Ulyssee

125 1752 159 1809 et
177 1746 304 1810 Nestor
319 1746 422 1810 vereri
437 1765 474 1810 se
489 1745 618 1821 dixere,
640 1746 727 1809 hano
746 1747 959 1812 temeritatem
980 1750 1101 1815 subire.
1149 1753 1219 1818 Ne·

126 1846 321 1927 optolemns
334 1864 394 1909 eos
408 1846 538 1912 refutat.
572 1848 663 1912 Duru
680 1848 761 1912 inter
776 1867 813 1911 se
827 1855 965 1926 cenant,
981 1851 1142 1931 placitum
1157 1861 1219 1930 est,

127 1946 263 2026 signnm
275 1964 296 2009 a
310 1944 552 2029 Polydamante
567 1948 689 2029 exigi,¹¹¹
711 1954 748 2011 et
760 1948 910 2030 idipsum
929 1969 989 2031 per
1003 1949 1158 2015 Sinonem
1175 1953 1218 2017 ud

127 2046 287 2124 AEneum,
301 2045 490 2124 Anchisem,
512 2055 548 2112 et
568 2048 769 2114 Antenorem
784 2044 900 2113 mitti-⁹
943 2050 1046 2115 Sinon
1070 2051 1113 2116 ad
1135 2051 1218 2117 Tro-

121 2146 200 2229 jem
221 2146 452 2229 prolioisoitur.
496 2149 539 2213 Et
553 2151 641 2233 quia'
655 2151 800 2216 nondum
820 2152 934 2216 claves
958 2157 1062 2236 portee
1078 2152 1217 2237 Amphi·

124 2245 238 2312 maelii
252 2249 449 2314 custodibus
463 2250 597 2315 traditae
609 2259 713 2329 erant,
730 2253 827 2332 signo
844 2253 924 2316 dato
946 2252 1064 2330 Sinon,
1084 2255 1218 2319 nomine

125 2346 255 2424 AErreae,
269 2356 304 2413 et
317 2347 490 2426 Anchisae,
502 2357 538 2414 et
552 2349 733 2416 Antenoris
748 2352 877 2429 audito,
890 2351 1112 2432 confirmatus,
1124 2353 1218 2435 Aga·

125 2450 290 2513 memnoni
306 2451 483 2515 renuntiat·
527 2451 622 2517 Touo
637 2451 798 2534 placitum
813 2459 865 2517 est
887 2454 1053 2531 omnibns,
1076 2461 1115 2518 ut
1135 2452 1219 2517 tides

126 2546 269 2625 daretur,
295 2556 331 2614 et
355 2551 577 2634 jurejurando
603 2553 857 2633 confirmaretur,
884 2553 1055 2631 Antenori,
1086 2555 1217 2633 AEneoe,

125 2645 1217 2739 Ucalegmil'olydamantiffloloni,suisqueparentibus,liberis,e

123 2749 404 2834 conjugibusque,
426 2758 461 2816 et
479 2754 737 2836 consanguineis
754 2756 965 2839 propinquis,
979 2762 1014 2819 et
1026 2755 1146 2820 amioia
1159 2757 1216 2838 qui

124 2868 191 2913 nne
214 2853 472 2935 conjurassent,⁸
493 2855 646 2918 omnibus
660 2854 760 2918 tidem
775 2857 938 2938 prestari,
960 2875 1087 2941 suaque
1102 2857 1216 2921 omnia

122 2960 244 3015 reuera¹¹
259 2959 297 3016 et
309 2954 399 3017 bona
412 2954 595 3018 incolumia
609 2947 732 3019 habere
742 2956 853 3021 liceat.
885 2955 964 3020 Hoc
981 2962 1080 3038 puoto
1096 2955 1216 3019 contir-

581 3114 760 3138 0000οΝ00000

154 3210 171 3255 t
189 3206 289 3255 Omnes
306 3222 381 3257 voees
397 3208 490 3257 derant
508 3209 541 3258 sb
561 3209 758 3271 Agamemnonem
773 3226 854 3276 usqae
866 3211 898 3261 ed
913 3215 1034 3276 placerent
1048 3212 1075 3261 lo
1085 3210 1215 3274 nsipie-

123 3270 138 3297 '
158 3269 232 3318 Mete
245 3270 383 3333 Delma-t
400 3271 494 3322 nrum
505 3274 603 3324 ernlttlt
616 3275 762 3337 Detplr.-tl
779 3276 889 3325 Omissis
901 3278 1006 3327 vocibus
1016 3281 1041 3324 et
1051 3274 1142 3336 amieis,
1152 3274 1215 3338 legi·

124 3342 171 3405 tur
181 3347 235 3381 een
244 3334 280 3381 ete
289 3334 329 3398 qm·
342 3350 389 3384 mo
398 3334 576 3387 commorassent
587 3338 614 3387 iu
625 3338 719 3402 Delph.

619 3497 726 3549 Nom

152 3598 170 3623 ¹
186 3588 576 3659 Sr'gaarmePetudnmortteeoeigi]
588 3594 650 3644 Vel·
688 3594 808 3650 Sinonem
819 3593 951 3657 miserunt,
960 3593 1003 3659 qni
1015 3592 1088 3657 siguo
1099 3590 1142 3642 ille
1154 3591 1214 3643 dato

118 3666 171 3716 ient
190 3667 302 3717 dixisset
321 3669 419 3729 Dares,
433 3670 500 3734 quod
520 3671 618 3734 signum
635 3684 651 3718 a
690 3668 722 3729 ab
733 3668 823 3731 AEnee,
838 3667 960 3724 Anchise.
971 3675 997 3717 et
1008 3666 1141 3717 Antenore
1153 3682 1213 3732 eog-

5 3756 8 3781 »
122 3740 312 3803 Polydamante
325 3743 413 3793 omer
432 3745 565 3806 petierint,
582 3743 650 3810 qnod
690 3744 767 3800 nitur,
778 3745 846 3794 intre
865 3750 953 3808 portes
970 3743 1073 3808 quidem
1093 3750 1214 3806 receptur
1319 3754 1324 3759 '

5 3836 7 3863 z
122 3824 217 3878 poetes
238 3832 285 3880 per
305 3819 426 3867 Sinonem
449 3818 482 3867 ad
499 3820 605 3869 AEueam
624 3824 652 3868 et
690 3833 741 3868 non
757 3817 817 3882 init,
832 3821 892 3886 quio
908 3819 1020 3868 noudum
1036 3816 1215 3880 Amphimnetri

121 3889 285 3941 anorern
296 3893 397 3942 misere.
430 3892 469 3941 Ex
486 3893 652 3957 aequantibus
691 3896 840 3945 custodibus
856 3896 942 3945 elaver
958 3892 1078 3944 tradita:
1106 3893 1152 3942 red
1172 3893 1215 3943 Ε-

120 3965 321 4029 eoniiripotest,
331 3968 652 4034 Polydamantemeignuut
691 3984 758 4031 nee,
779 3970 897 4021 Anchisae
916 3976 944 4019 et
962 3967 1102 4018 Antenoris
1121 3983 1214 4020 nornen

118 4042 189 4092 iilud
202 4040 369 4109 dedisseque
379 4043 471 4109 quirit,
483 4059 499 4094 e
510 4044 609 4094 Grecis
619 4044 652 4092 ad
693 4046 800 4108 audivit,
811 4060 860 4111 quo
872 4045 948 4109 plene
960 4041 1124 4093 contineretur
1135 4051 1185 4093 ost.

114 4119 227 4183 'l'rojam
240 4117 338 4181 mimos,
354 4119 425 4169 intre
442 4120 536 4169 moenie
553 4121 653 4181 recipe·
724 4127 735 4153 ¹
753 4118 1019 4183 Suoqueomeiosaern]
1035 4117 1133 4182 Singuli
1145 4119 1213 4168 enlm

114 4203 203 4247 retur.
239 4194 315 4247 Quod
329 4201 359 4245 ut
369 4194 553 4258 experirentur
563 4194 652 4245 Greci
692 4192 760 4242 cirea
772 4206 817 4241 ene
827 4192 877 4243 ribi
888 4193 991 4257 proprie
1001 4205 1075 4243 mere
1085 4191 1214 4242 custodie-
