3034 4928
290 412 337 477 oli
552 424 631 474 rac.
656 416 852 472 rnnrrorrrr
877 420 1130 475 orssnrrrrrro

292 585 346 641 tor
366 575 481 660 potius
501 573 556 639 lric
581 574 675 638 loeus
695 591 745 637 err
763 591 808 637 eo
828 574 863 637 in
883 572 975 636 hune
993 592 1141 657 sensum,
1161 582 1199 642 ut
1222 591 1289 639 ret
1307 594 1403 647 cmm

293 676 452 752 Hecuba,
481 674 587 759 lrnjus
621 672 765 751 hortatu,
798 672 969 741 Holenam
1003 674 1133 742 adierit.
1196 677 1404 760 Ulrmnqne

292 780 378 845 enim
400 780 461 845 ille
478 780 526 844 ait
547 776 673 862 pariter
693 777 804 859 egisse
822 796 902 842 cum
918 776 1061 843 Helena.
1104 778 1195 845 Virle
1217 798 1298 845 enm
1313 782 1401 847 m

291 888 327 945 et
340 880 414 946 121.

337 998 360 1045 r.
381 982 434 1045 11.
458 979 624 1064 ‘Ulysses
649 979 860 1046 contestandi
873 981 980 1063 magis
993 981 1115 1063 gratia,
1136 1001 1236 1066 qnam
1252 983 1400 1067 aliquid

291 1101 334 1147 ea
358 1083 505 1146 oratione
530 1080 745 1166 profuimus?
787 1081 919 1146 Nescio
944 1081 1030 1145 unde
1054 1085 1089 1147 in
1112 1102 1212 1147 nsum
1227 1084 1401 1167 Delphini

291 1181 418 1249 editum
447 1183 492 1248 sit
519 1181 778 1267 ‘promoturus‘
828 1180 973 1265 Propius
999 1189 1036 1247 et
1064 1184 1275 1267 probabilius
1305 1186 1400 1250 milri

291 1282 425 1348 videtur
438 1287 449 1318 ‘
461 1281 693 1366 profecturus!
710 1268 715 1275 ⁵
735 1281 794 1347 Sio
810 1280 944 1345 Hirtius
958 1282 1000 1346 B.
1014 1282 1118 1349 Alex.
1134 1283 1187 1349 12.
1202 1288 1402 1368 ‘quantum

291 1383 440 1468 parvolis
454 1384 599 1466 navigiis
611 1383 848 1466 profecissent,
866 1382 1073 1449 sentiebant’
1368 1392 1372 1399 '

334 1501 376 1549 rr.
390 1485 424 1549 9.
446 1483 508 1547 ‘Is
523 1502 666 1568 namque
687 1490 881 1549 summoesto
896 1502 940 1548 ao
963 1484 1055 1549 lnotu
1080 1485 1193 1551 obsito
1206 1484 1401 1569 Agamem„

291 1584 394 1649 noni!
438 1585 493 1651 lta
515 1584 637 1663 edidit,
652 1592 691 1650 nt
705 1585 796 1651 credi
809 1603 875 1668 per
890 1590 954 1663 eet,
976 1604 1021 1650 ex
1045 1584 1130 1653 Mes.
1144 1586 1197 1652 vel
1212 1585 1401 1654 Mercerns

291 1685 448 1770 primum,
461 1685 517 1750 vel
533 1683 736 1765 Obrechtus,
750 1703 826 1751 enm
841 1686 919 1750 alim
936 1686 1014 1753 edd.
1028 1687 1152 1770 legant,
1171 1690 1224 1754 tis
1238 1708 1399 1774 namque

292 1784 351 1851 diu
375 1791 501 1852 moesto
527 1787 619 1852 lueto
641 1789 751 1854 obsito
776 1785 909 1870 Agame
950 1784 1024 1871 ligo
1046 1787 1231 1859 Msslorom
1244 1792 1400 1874 vestigia

293 1893 427 1954 secutus
450 1887 577 1967 malim,
599 1891 751 1954 ‘summe
771 1894 906 1967 moesto,
929 1907 972 1954 ao
995 1887 1088 1955 luctu
1114 1890 1227 1956 obsito
1253 1888 1402 1973 Agens}

292 1988 384 2054 Nam
412 1988 675 2055 ‘snmmoestus'
697 2008 764 2055 non
787 1994 913 2055 tantum
927 1988 1077 2055 insolens
1098 1995 1155 2056 est
1168 1991 1399 2072 vocabulum,

292 2090 351 2153 sed
367 2095 403 2155 et
419 2109 441 2154 a
455 2108 587 2155 sommo
609 2108 723 2155 revera
736 2089 999 2173 Agamemnonis
1020 2092 1116 2159 luctu
1137 2092 1293 2171 ahenum,
1308 2110 1403 2161 enm

292 2190 413 2258 vocula
425 2196 436 2226 ⁴
450 2192 537 2257 snb*
561 2192 596 2258 in
610 2193 804 2276 compositis
822 2193 971 2259 minuere
984 2192 1096 2259 solent
1108 2193 1403 2275 significationem

291 2292 505 2377 simpliciam.
549 2291 732 2360 ‘Summe’
758 2298 873 2359 autem
899 2294 1063 2359 usitatum
1089 2293 1190 2357 etiam
1219 2291 1401 2363 classicis

291 2399 343 2459 est
370 2395 574 2459 auctoribus.
617 2393 688 2459 cio.
711 2393 809 2459 Fam·
836 2411 888 2458 lv.
911 2394 944 2465 8.
966 2392 1401 2467 ‘omniumdootrinarmrn

294 2511 424 2558 somme
452 2491 650 2559 studiosus?
692 2491 737 2559 Et
756 2510 808 2560 ιν.
825 2495 860 2560 7.
883 2498 1032 2560 ‘summe
1054 2491 1228 2563 diffidere?
1270 2495 1401 2565 Plant-

292 2592 396 2659 Milit.
413 2610 465 2660 ιν.
479 2597 512 2659 l.
526 2592 583 2659 29.
603 2593 764 2659 ‘Summe
778 2594 944 2678 cupiens?

295 2720 301 2727 ·
337 2692 764 2761 11.18.‘Mesandriorum.'
806 2693 955 2763 Videtur
966 2714 1052 2763 sane
1065 2694 1384 2781 legendom‘Nean

293 2791 465 2860 ariorum!
499 2794 626 2862 Forsan
640 2796 742 2862 etiam
756 2798 860 2881 paulo
879 2804 959 2864 ante
984 2796 1301 2863 ‘Neandriensium⁸
1324 2818 1400 2881 pro

292 2893 595 2962 ‘Mentorensium'
636 2897 727 2964 Nam
749 2898 831 2964 nolli
844 2899 978 2966 luerunt
991 2901 1026 2964 in
1040 2897 1173 2964 Troade
1196 2897 1402 2978 Memoris,

292 2996 376 3061 nolli
392 2996 634 3065 Mentorenses.
677 2998 724 3065 Et
751 3001 859 3066 solam
883 3000 1080 3066 Neandrum
1100 3001 1219 3065 urbem
1239 2997 1405 3067 lisania

291 3095 329 3160 in
355 3096 422 3163 hae
452 3097 559 3183 cygni
587 3098 729 3165 historin
755 3107 940 3166 memorant
966 3099 1113 3166 Malelas
1136 3109 1175 3165 et
1201 3097 1404 3169 Gedrenns.

293 3194 396 3277 Quod
411 3205 525 3265 autem
540 3197 704 3266 Neandrii
722 3200 778 3269 hic
804 3201 947 3268 ‘fideles
967 3189 1068 3286 alque
1083 3199 1277 3268 amicissimi
1290 3198 1405 3270 Grn-

293 3299 404 3366 cisad
418 3300 481 3366 hoe
496 3305 626 3386 tempus
640 3301 885 3386 permansisse’
909 3303 1075 3381 dicuntur,
1089 3300 1405 3384 iintelligendum

292 3405 374 3466 tuno
395 3401 484 3467 loret
504 3402 612 3467 abeo
635 3408 783 3487 tompore
796 3420 920 3489 usqne,
942 3422 1010 3487 quo
1032 3422 1072 3468 se
1094 3400 1228 3468 Graecis
1247 3399 1406 3469 dedide-

291 3505 379 3563 rnnt.
421 3501 465 3565 Et
478 3500 635 3569 videntur
647 3503 702 3568 lris
716 3503 832 3569 verbis
852 3503 977 3586 respici
1001 3520 1083 3568 sane
1103 3502 1290 3588 superiore,
1304 3506 1317 3541 ‘
1333 3503 1406 3570 Ci-

292 3598 432 3662 vitatem
447 3598 632 3677 innoxiam,
646 3606 680 3666 ot
700 3602 805 3684 paulo
819 3609 897 3687 post
911 3618 1033 3669 arnan
1049 3601 1140 3669 sibi!
1185 3601 1296 3668 Paulo
1309 3613 1407 3673 ante

291 3696 383 3762 lilios
404 3695 512 3782 Cygni
532 3697 697 3763 ‘Ceben'
723 3706 758 3767 et
785 3702 1013 3771 ‘Conaronm'
1046 3704 1197 3769 nominat
1226 3701 1408 3786 lamehe,

291 3796 397 3864 liliam
409 3815 488 3863 vero
503 3817 601 3884 reque
614 3816 657 3865 ee
673 3799 798 3866 Noster
811 3801 980 3870 Glaucen.

336 3912 379 3963 ιι.
393 3898 448 3964 16.
468 3897 548 3967 ‘Ob
564 3920 710 3967 amorem
721 3901 820 3967 ducis
832 3904 868 3969 in
883 3903 1093 3971 exereitum'
1132 3903 1226 3985 rege
1239 3906 1410 3990 omnino,

290 3997 483 4078 ‘exereitnl
505 4007 544 4066 ut
556 4002 659 4086 paulo
674 4010 752 4069 ante
765 4001 807 4067 de
820 4003 947 4081 eodem,
968 4004 1200 4090 ‘viroplimns
1212 4014 1412 4089 secenum·

292 4114 359 4185 qne
371 4099 406 4166 in
417 4100 591 4180 erario:
601 4102 658 4169 ubi
672 4103 761 4170 mole
773 4110 808 4170 ot
818 4104 891 4169 sine
905 4124 1011 4173 neusa
1021 4105 1235 4187 vindimius,
1250 4107 1416 4196 ‘senep-

292 4209 415 4288 tnsqne
435 4202 594 4272 exercitui
603 4203 623 4270 :'
643 4222 721 4273 cnm
741 4213 776 4274 et
795 4205 885 4275 inlra
905 4226 937 4274 c.
957 4207 1014 4274 w.
1034 4207 1078 4277 de
1104 4206 1232 4273 eodem
1245 4205 1415 4293 dicam,
