3034 4928
167 470 175 489 x
295 397 339 462 28
540 412 634 460 uno.
658 409 848 459 ennizonn
876 408 1123 458 nissnnnnnio

297 557 387 620 sicut
401 552 542 631 Helena,
555 552 677 616 suerint
690 555 810 633 repleo,
828 556 864 613 et
885 548 962 612 ideo
982 549 1110 631 potius,
1124 555 1285 631 tanquam
1299 548 1383 614 vilia

296 673 451 738 corpore,
462 655 499 718 in
518 654 707 718 servitutem
729 648 898 715 videantur
919 648 1086 726 obductae,
1100 649 1177 731 quis
1191 648 1265 712 lnoee
1280 650 1383 713 verba

295 755 444 821 historie
456 772 562 837 parce·
575 752 663 817 adeo
678 750 847 833 exposite)
869 749 968 813 aliter
989 749 1168 831 acciperet,
1189 767 1290 831 qnam
1307 748 1383 812 Me-

161 860 166 868 ‘
296 855 431 919 nelanm
443 853 551 918 fumeo
565 855 676 918 animo
690 858 936 916 consternatum
952 850 996 914 ob
1011 849 1175 932 injuriam,
1188 867 1290 932 quam
1304 869 1385 931 pes·

295 976 344 1020 sm
358 954 479 1019 suomi
492 974 534 1018 en
547 960 645 1036 raptu
659 952 806 1017 illustres
820 950 887 1015 ille
898 949 1069 1014 foeminael
1100 947 1146 1011 Et
1164 950 1264 1012 miror
1289 968 1383 1026 sene,

296 1055 378 1118 nihil
393 1072 528 1135 prorsus
548 1053 647 1117 isthic
662 1070 683 1116 a
698 1069 865 1134 quoquam
879 1069 922 1113 ca
936 1049 979 1113 de
992 1068 1027 1112 re
1040 1054 1247 1112 noeentum.
1291 1048 1383 1114 Nam

297 1158 384 1218 certe
399 1153 498 1236 longe
511 1155 606 1217 aliter
619 1172 656 1216 se
669 1171 724 1215 res
742 1152 873 1228 hebuit,
889 1156 924 1231 et
937 1150 1079 1215 Graecus
1093 1149 1150 1213 ille
1171 1148 1292 1231 Dictys
1317 1150 1386 1214 his-

297 1253 418 1317 toriam
433 1254 530 1329 hene,
544 1270 609 1316 uon
633 1252 727 1316 eliter
738 1250 883 1335 quidem,
903 1249 961 1314 sed
981 1250 1153 1332 copiosius
1167 1255 1277 1313 tamen
1291 1269 1386 1315 enar·

296 1354 393 1431 ravit,
409 1352 488 1417 dum
502 1372 566 1416 non
581 1352 711 1431 omisit,·
721 1359 759 1416 ut
770 1358 881 1415 noster
894 1350 1091 1433 Septimius,
1104 1351 1384 1430 circumstantias,

299 1452 489 1535 exquibus
510 1452 602 1516 illius
625 1450 801 1535 ‘injuriae'
822 1457 856 1515 et
881 1449 1199 1514 ‘consternationis’
1221 1451 1308 1514 ratio
1324 1470 1386 1534 ap·

298 1556 441 1633 pareret.
484 1549 585 1630 Nem,
611 1556 648 1616 ut
675 1571 720 1616 ex
750 1549 879 1614 Malela
907 1549 1061 1614 novimus
1082 1550 1141 1614 lib.
1158 1537 1385 1632 v.'pag.119.

297 1650 397 1715 Paris
411 1669 471 1734 per
484 1650 633 1716 AEthrem
647 1658 683 1715 et
696 1649 875 1733 Clymenen
896 1649 1088 1732 ‘corrupit’
1108 1648 1301 1734 (insitione)
1314 1651 1387 1717 He·

298 1752 417 1829 lenam,
433 1752 528 1816 etita
551 1751 636 1817 ultro
658 1750 711 1817 line
730 1751 888 1815 mulieres
903 1769 979 1814 cnm
1000 1750 1136 1815 Helena
1149 1751 1192 1815 de
1214 1751 1385 1817 Paridein

297 1851 409 1932 sugam
433 1870 471 1915 se
493 1851 664 1916 dederunt.
707 1850 800 1915 Hinc
821 1850 892 1933 jem
914 1851 1004 1933 apud
1028 1849 1189 1916 Malelam
1217 1870 1296 1933 pag·
1311 1854 1386 1918 120.

256 1940 260 1945 ’
300 1950 487 2028 Menelaus,
497 1971 571 2016 eum
584 1954 801 2017 intellexisset
813 1952 901 2015 hunc
913 1958 1046 2035 raptum
1061 1950 1231 2033 otingam,
1247 1953 1339 2016 stetit
1352 1958 1387 2016 et

299 2052 418 2115 mansit
433 2052 639 2135 aliquamdiu
667 2058 827 2134 ‘stupore
842 2051 1002 2116 defixnst’
1021 2050 1095 2113 πολὺ
1115 2055 1177 2139 γὰρ
1198 2051 1315 2129 invenite
1338 2054 1385 2114 iul

298 2151 348 2226 nin
371 2148 482 2236 Αἴθραν·
512 2148 625 2236 ἦνγὰρ
651 2150 763 2238 &cuca
783 2149 920 2228 ὑπόληψιν
943 2150 1010 2237 παρ’
1030 2155 1109 2236 αὐτῷ
1130 2150 1270 2239 σῶφςονος
1291 2153 1386 2219 aare:

299 2252 555 2323 ‘multnmenim
578 2254 689 2318 animo
714 2259 898 2317 commotus
922 2254 1032 2316 estin
1046 2251 1388 2328 tristitiam,'scilioet

298 2351 1388 2436 iroe,‘propterAEthram:excitaveratenimillasibiapudipsnm

298 2451 580 2515 existimationem
592 2452 739 2517 soeminse
754 2471 890 2535 prorsus
900 2461 1005 2518 castae
1018 2462 1053 2516 et
1067 2448 1202 2536 probo?
1224 2452 1386 2517 Videmus

299 2548 388 2623 hinc,
413 2568 516 2632 quare
538 2552 589 2615 ita
609 2551 735 2616 ‘multo
763 2554 906 2634 amplius
925 2554 969 2617 ob
989 2553 1143 2635 injuriam
1166 2572 1301 2617 suanam
1316 2553 1386 2617 affi-

299 2649 391 2711 nium
412 2651 661 2716 consternatus'
681 2653 780 2716 fuerit
802 2652 988 2730 Menelaus,
1007 2663 1074 2718 tum
1103 2672 1180 2736 qum
1204 2653 1265 2717 illa
1286 2652 1388 2719 inerit

300 2767 411 2813 cerum
425 2750 588 2833 ‘injuria’
608 2753 750 2832 scilicet,
773 2773 839 2819 non
863 2773 964 2835 qnam
989 2773 1101 2838 pessae
1124 2773 1147 2818 a
1171 2753 1304 2837 Paride,
1323 2754 1386 2817 sed

299 2867 403 2931 quem
415 2849 562 2917 iecerunt
585 2853 753 2933 Menelao,
769 2856 848 2921 dnm
869 2856 986 2921 furtivi
1000 2856 1123 2919 amonis
1136 2854 1220 2918 inter
1236 2855 1333 2918 Parin
1349 2864 1385 2918 et

302 2947 467 3014 Helenam
480 2951 609 3018 fuerunt
623 2955 831 3020 internuntiae
845 2963 878 3020 et
888 2956 1141 3031 conciliatrices,
1152 2973 1193 3018 ac
1203 2952 1279 3018 dein
1292 2954 1383 3034 fuge

299 3050 483 3133 adjutrices
499 3062 535 3116 et
548 3058 697 3133 comites,
711 3056 802 3137 quod
815 3064 850 3122 et
864 3054 1009 3120 Ovidius
1022 3057 1057 3119 in
1072 3054 1235 3136 Epistolis
1251 3053 1384 3118 Paridis

301 3157 336 3215 et
352 3151 504 3217 Helenes
526 3154 613 3218 haud
638 3157 779 3220 obscure
800 3156 980 3238 signifieat,
995 3154 1055 3219 sed
1070 3154 1167 3238 cujus
1181 3155 1308 3218 nullam
1330 3155 1385 3219 vel

300 3252 468 3317 minimam
493 3255 566 3319 suls
596 3255 775 3320 lectoribus
801 3256 914 3339 injecit
943 3253 1168 3336 suspicionem
1201 3254 1386 3336 Septimius

299 3359 422 3430 noster,
446 3356 682 3436 praetermissa,
705 3374 780 3438 quse
810 3355 854 3420 ed
875 3355 1022 3420 historiae
1045 3363 1080 3417 et
1108 3352 1275 3438 ‘injuriae’
1295 3353 1386 3418 illius

301 3453 523 3533 cognitionem
538 3459 734 3538 pertinebat,
760 3458 1006 3523 circumstantia
1024 3474 1165 3537 prorsus
1185 3454 1388 3531 necessaria,

300 3569 466 3633 quamque
477 3552 555 3617 ideo
567 3555 710 3621 Graeeus
726 3559 855 3642 Dictys,
869 3564 906 3621 et
921 3556 980 3639 qui
993 3573 1070 3619 eum
1084 3557 1179 3639 sequi
1193 3574 1231 3620 se
1251 3553 1388 3638 prolite-

180 3700 184 3717 .
300 3654 365 3729 tur,
380 3648 534 3729 Mulelas,
547 3655 680 3718 minime
694 3658 864 3738 praeteriit.

346 3765 417 3812 xu.
441 3749 480 3813 ln
495 3753 695 3834 quibusdam
710 3762 819 3819 tamen
832 3757 933 3822 etiam
948 3758 984 3822 in
998 3757 1142 3833 diversa,
1153 3761 1190 3820 ut
1203 3754 1288 3832 dixi,
1300 3754 1391 3819 abiit

302 3868 325 3913 a
345 3856 461 3915 nostro
483 3851 646 3935 Septimio
661 3852 806 3919 Malelas
827 3855 903 3935 iste,
924 3864 1026 3940 atque
1047 3856 1133 3921 adeo
1146 3856 1178 3918 si
1198 3854 1310 3919 omnia
1323 3873 1392 3920 sua

300 3969 348 4014 ex
383 3951 505 4034 Diciye
534 3956 663 4032 sumsit,
691 3955 796 4020 alium
818 3963 950 4039 oportet
970 3957 1127 4021 habuisse
1147 3972 1225 4018 eum
1250 3954 1393 4037 Diciyn,

301 4069 403 4135 qnam
426 4052 539 4116 habuit
560 4054 754 4136 Septimius.
797 4055 905 4121 Immo
918 4076 997 4122 vero
1018 4074 1086 4120 uon
1107 4072 1153 4120 ex
1172 4053 1247 4119 solo
1263 4053 1395 4137 Dictys

302 4169 399 4221 auam
423 4152 480 4218 ille
508 4154 752 4221 consarcinavit
772 4175 882 4222 rerum
900 4156 1123 4241 Trojanarum
1151 4150 1395 4233 coemtionem,
1442 4171 1449 4184 ·
