3034 4928
406 440 456 488 us
479 439 658 489 ursronrn
682 443 791 490 neum
816 444 992 493 unorum.
1198 431 1242 499 87

147 584 243 648 cuba
262 581 377 646 itidem
390 579 484 663 apud
498 585 672 663 utrumque
686 581 787 645 fertur
802 603 877 647 earn
894 586 1070 668 complexa
1092 588 1241 652 omnium

149 683 298 746 maxime
306 681 467 763 deinceps
479 678 678 746 defendisse.
700 679 799 746 Adeo
809 686 1008 749 conveniunt
1021 686 1105 749 iuter
1115 706 1153 749 ee
1166 687 1242 752 haec

150 784 278 859 omnia,
290 780 504 844 utneminem
519 786 632 860 putem
644 787 848 863 negaturum,
862 790 1035 866 utrumqne
1045 785 1089 849 ab
1098 804 1165 850 uno
1179 786 1239 851 ha·

148 883 319 947 buisseea
343 887 490 955 auctore,
506 885 539 943 et
562 900 661 963 quern
684 889 878 960 memorant,
897 903 964 947 uuo
989 884 1125 968 Dictys,
1138 894 1240 969 etque

146 984 198 1046 ita
223 988 371 1046 noenum
392 1000 511 1045 revera
525 979 682 1045 Graecnm
703 983 798 1046 illum
824 983 963 1067 Dictyn,
980 994 996 1045 t
1011 995 1050 1047 ut
1073 985 1239 1061 eret,1a·

146 1084 220 1146 tine
234 1080 460 1166 exposuisse,'
474 1080 567 1164 quod
581 1081 654 1163 ipse
669 1082 726 1158 nit,
740 1087 844 1163 etego
855 1083 1064 1165 probandum
1078 1103 1238 1167 suscepe-

143 1202 229 1247 ram.

192 1290 282 1348 xix.
304 1281 400 1346 Idem
414 1299 494 1346 rere
510 1287 677 1363 agnoscet,
691 1282 892 1366 quicumque
914 1305 989 1351 com
1012 1286 1138 1353 Malela
1159 1307 1238 1352 con·

143 1386 234 1449 ferre
246 1384 349 1447 etiam
369 1383 459 1446 volet
475 1390 628 1447 nostrum
651 1383 849 1465 Septimium
864 1403 903 1449 rr.
917 1386 970 1451 18.
985 1387 1026 1451 de
1042 1387 1239 1472 Polymnes·
1268 1399 1276 1414 ”

144 1492 221 1550 tore
233 1484 398 1548 Threcum
412 1502 491 1565 rege
505 1483 549 1547 ad
574 1482 763 1565 pactionem
779 1491 814 1548 et
827 1485 1033 1550 deditionem
1047 1487 1179 1563 adacto,
1194 1489 1237 1553 de

143 1584 316 1669 Polydoro
330 1583 459 1648 Priami
472 1583 544 1647 filio
564 1582 694 1648 Graecis
717 1584 849 1662 tradito,
877 1607 974 1669 quem
1002 1587 1060 1651 alii
1081 1587 1235 1671 plerique

141 1705 205 1768 per
218 1686 392 1749 arentiam
406 1684 494 1748 clam
508 1703 531 1748 e
551 1684 801 1767 Polymnestore
821 1687 1029 1751 interiectum
1050 1688 1236 1770 perhibent,

143 1793 182 1850 et
191 1786 235 1850 de
254 1784 456 1849 Teuthrante
465 1786 586 1850 occiso
595 1787 639 1848 ab
650 1784 769 1868 Aiace,
780 1793 813 1850 et
826 1787 976 1852 abducta
985 1787 1056 1870 ejus
1070 1786 1235 1852 filia'I'ec·

141 1896 267 1950 messa
311 1883 364 1948 Ee
378 1886 467 1949 euim
492 1886 604 1950 omnia
623 1904 689 1949 nou
713 1885 859 1952 Malelas
882 1896 1023 1964 tanturn,
1039 1888 1098 1952 sed
1121 1894 1155 1951 et
1170 1888 1235 1953 Ce-

143 1986 277 2065 drenns,
292 2005 389 2070 aeqne
405 2006 446 2052 ec
461 1987 656 2071 Septimius,
678 1994 712 2051 et
728 1986 843 2052 eodem
860 1988 986 2065 ordine,
1000 1988 1072 2051 sine
1087 1988 1158 2052 ulla
1173 1989 1235 2052 eir·

143 2088 420 2154 cumstautiarum
440 2088 603 2152 vanetate
622 2088 720 2153 nobis
733 2088 957 2171 prodiderunt.
1002 2089 1107 2153 Porro
1122 2094 1233 2153 antem

141 2188 413 2271 Hectoremper
439 2186 581 2251 insidias
606 2207 729 2253 caesum
760 2188 803 2251 ab
829 2186 970 2266 Achille,
993 2207 1070 2252 eum
1097 2188 1234 2251 obviam

141 2287 368 2352 Penthesilea
378 2287 541 2369 prodiret:
565 2285 675 2352 Unum
691 2306 736 2351 ex
750 2287 842 2350 illins
859 2287 1038 2349 comitibus
1049 2290 1234 2348 nannetum

144 2387 316 2463 menibus,
329 2391 362 2450 et
382 2387 432 2449 ite
451 2389 622 2452 remissum
635 2386 789 2468 Trojam;
811 2386 910 2451 isthic
931 2406 966 2450 re
987 2384 1150 2450 intellecta
1164 2385 1234 2449 edi-

143 2496 219 2553 tum
233 2484 389 2571 ejuleium
406 2496 474 2552 tam
489 2489 727 2564 vehementem,
742 2495 781 2551 ut
803 2489 901 2553 etiam
918 2506 1000 2552 ares
1019 2505 1063 2551 ex
1085 2484 1161 2550 aire
1177 2487 1233 2551 de-

140 2590 306 2655 ciderint:
343 2589 513 2652 Priamum
540 2607 622 2652 mox
642 2606 720 2652 cum
734 2585 970 2653 Andromacha
992 2595 1026 2652 et
1057 2587 1233 2670 Polyxena

136 2692 270 2755 venisse
291 2690 334 2753 ad
348 2688 521 2766 Achillem,
543 2707 682 2773 eumque
704 2708 831 2768 orasse,
847 2697 884 2753 ut
910 2689 1056 2754 cadaver
1071 2687 1231 2752 Hectoris

137 2792 206 2857 sihi
217 2791 382 2867 redderet,
397 2792 500 2854 immo
516 2790 674 2854 obtulisse
682 2792 724 2865 ei,
739 2797 816 2873 post
825 2791 1037 2872 impetratum
1047 2788 1119 2872 jam
1130 2788 1232 2852 cada-

136 2911 207 2969 ver,
229 2890 449 2975 Polyxenam,
467 2889 526 2952 sed
549 2908 650 2971 quam
674 2889 837 2954 distulerit
858 2899 939 2953 tunc
953 2889 1119 2966 Achilles:
1142 2888 1229 2952 Pen-

135 2992 313 3057 thesileam
335 3009 427 3066 vero,
443 2989 560 3053 audite
580 3010 661 3054 nece
677 2990 844 3067 Hectoris,
859 2990 964 3054 redire
986 2990 1117 3054 domum
1131 2988 1230 3053 volu-

135 3094 217 3170 isse,
233 3092 293 3156 sed
314 3111 338 3155 e
358 3090 483 3154 Paride
498 3092 602 3155 multo
625 3110 704 3155 auro
725 3091 895 3156 inductam
916 3091 1089 3165 mansisse,
1103 3095 1135 3151 et
1149 3106 1229 3153 mox

135 3194 319 3257 commissa
333 3209 458 3275 pugna,
473 3211 549 3255 cum
565 3192 670 3255 eciem
693 3192 769 3274 ipsa
790 3192 977 3255 ordinasset
990 3195 1025 3252 et
1039 3190 1124 3250 iuter
1138 3187 1230 3267 eqni·

134 3300 188 3357 tes
217 3293 437 3369 constitisset,
463 3292 589 3356 fortiter
611 3291 799 3365 dimicasse,
827 3291 888 3354 sed
911 3291 955 3352 eb
978 3284 1111 3350 Achille
1140 3302 1228 3364 equo

136 3392 318 3475 dejectam,
341 3401 376 3457 et
399 3394 545 3457 crinibus
576 3400 724 3472 tractam,
750 3392 911 3463 occisam,
933 3384 1164 3467 abjectamque
1192 3383 1228 3446 in

135 3493 283 3557 fluvium
301 3492 556 3558 Scamandrum:
579 3493 722 3559 Graecos
744 3490 819 3552 dein
841 3487 1021 3572 peremisse
1042 3482 1165 3549 multos
1182 3503 1229 3549 en

134 3592 319 3656 hostibus:
343 3598 376 3655 et
388 3591 615 3658 Amazonibus
635 3591 840 3674 pepercisse,
862 3585 1013 3651 servituti
1036 3584 1228 3649 destinetis:

133 3691 285 3758 Venisse
302 3696 420 3775 postea
436 3692 647 3757 Memnonem
663 3690 790 3771 Regem
812 3690 972 3754 Indorum
987 3706 1062 3751 cnm
1077 3686 1230 3751 maxime·

130 3813 235 3858 menn
250 3793 294 3857 ad
308 3796 486 3877 suppetias
502 3793 640 3858 Priamo
654 3791 807 3857 ferendas
817 3814 839 3856 :·
849 3792 959 3855 victos
972 3788 1016 3851 ab
1030 3806 1070 3850 eo
1086 3785 1226 3851 Graecos

72 3916 77 3927 ¹
132 3894 179 3957 ed
194 3912 298 3956 naves
317 3894 493 3977 refugisse,
508 3896 700 3978 quas'ipsas
722 3893 800 3957 sela
821 3910 892 3956 nox
906 3887 1141 3970 superveniens
1155 3906 1226 3950 ser·

131 3992 261 4056 reverit
276 4011 285 4055 :
307 4002 395 4058 sorte
419 3994 498 4058 dein
511 3994 650 4058 ductum
665 3990 804 4075 Ajacem
820 3986 1062 4062 Telamonium,
1077 3986 1135 4068 qui
1149 4005 1226 4068 pos·=

127 4091 231 4158 tridie
246 4110 323 4156 cum
337 4092 523 4159 Memnone
538 4099 723 4177 pugnaret:
743 4092 798 4156 hic
813 4110 891 4155 vero
906 4106 982 4153 cum
998 4084 1049 4149 illi
1071 4104 1240 4177 succum-¹

124 4192 230 4271 beret,
240 4191 343 4258 ludos
355 4194 530 4264 invasisse
545 4191 697 4276 AJ'acem,
712 4191 773 4256 sed
786 4191 917 4255 iuterim
930 4185 1109 4260 Achillem,
1120 4183 1225 4248 nude-
