2992 4910
400 403 451 451 ns
475 400 595 453 sunno
616 404 787 459 subrepo
812 412 885 463 nra.
908 416 941 463 v.
1144 411 1209 477 257

107 544 244 626 tigerat
256 544 418 627 proluar,
434 553 556 611 estex
575 549 731 632 captivis,
746 541 914 633 qnantum
926 575 987 639 pro
1008 562 1125 630 merito
1140 567 1208 633 die·

108 644 335 723 tribuebatur,
360 644 532 711 habuere
561 647 648 731 [lb]
671 649 809 716 Interim
832 673 933 737 super
954 657 1131 729 Palladio!
1154 671 1206 734 in·

112 763 203 826 gens
217 751 380 810 certamen
393 746 481 812 inter
496 768 534 813 se
547 750 687 817 ducibus
700 758 862 833 exortam,
874 753 982 839 Ajuce
991 758 1205 833 Telamonis⁶

114 846 351 928 expostulante
365 847 400 910 in
416 867 536 914 munus
549 848 625 928 sibi,
639 871 702 935 pro
716 852 771 917 bis
785 874 861 937 ane
875 857 907 919 in
919 858 1066 941 singulos
1075 868 1205 934 nniver-

116 963 245 1028 sosque
258 947 379 1011 virtute
401 946 506 1032 atqu‘e
526 950 691 1016 industrie
704 971 766 1017 sne
779 957 977 1023 contulerat.
1021 960 1136 1040 Quare
1149 987 1206 1033 ω.

117 1044 188 1107 acti
201 1064 295 1127 poene
307 1047 436 1127 ornnes,
450 1051 551 1116 sinrtss
565 1051 678 1116 utine
699 1052 873 1121 reseretur
888 1058 1019 1125 ammos
1034 1066 1117 1129 tanti
1132 1068 1206 1146 riri,

114 1146 212 1229 cnjus
225 1148 393 1230 pmelara
411 1149 563 1216 facinora
575 1152 772 1237 vigiliasque
788 1175 850 1238 pro
863 1161 1016 1225 exercitu
1037 1163 1073 1227 in
1094 1169 1206 1236 animo

112 1247 318 1326 retinebant,
342 1251 663 1336 conceduntbjaci,
686 1255 928 1322 renitentibus⁷
950 1262 1034 1326 solis
1060 1268 1205 1337 omnium

115 1344 290 1411 Diomede
311 1354 413 1432 atque
438 1351 586 1435 Ulysse:
609 1372 673 1417 sne
685 1355 814 1438 qnippe
835 1359 961 1440 opera'
981 1362 1016 1426 id
1038 1365 1204 1436 ablebrm:

116 1452 240 1510 contra
256 1445 346 1530 Ajux
366 1449 536 1528 affirmare,
556 1472 622 1517 non
643 1453 758 1519 labore
780 1463 836 1521 ant
857 1459 981 1525 vinnte
1002 1482 1117 1531 eorum
1135 1489 1203 1535 rem

112 1540 269 1627 gestam:
294 1548 507 1616 ‘Antenorem
536 1572 690 1637 nemque,
706 1559 986 1640 contemplatione
1022 1574 1204 1637 communis

47 1682 58 1699 ·
114 1647 274 1713 amicitie
286 1651 483 1716 abstulisse.
536 1652 622 1717 Turn
641 1653 819 1720 Diomedes
833 1656 953 1724 honori
968 1663 1042 1745 ejus
1064 1687 1124 1749 per
1146 1691 1205 1736 ve.
1299 1706 1302 1711 »

114 1749 310 1815 recundiam
326 1753 527 1830 concedens,
541 1773 563 1817 s
577 1754 755 1819 certamine
769 1756 912 1823 destitit¹
943 1758 1051 1842 Igitur
1064 1765 1205 1851 Ulysses

114 1864 193 1911 enm
209 1849 321 1932 Ajace
335 1852 463 1917 summu
474 1855 508 1918 vi
519 1854 718 1918 contendere
731 1855 815 1919 inter
826 1876 873 1931 se,
885 1864 985 1941 atque
999 1863 1139 1931 invicem
1154 1873 1203 1934 in·

117 1946 255 2015 dustriae
267 1951 394 2017 meritis
407 1956 632 2038 expostulare,
655 1955 880 2021 annitentibus
904 1958 1024 2043 Ulyssi
1048 1962 1204 2035 Menelao

118 2055 223 2129 etque
239 2048 494 2132 Agamemnone,
510 2055 555 2119 ob
572 2063 737 2119 serratam
753 2056 858 2139 p'anlo
883 2067 962 2124 ante
985 2081 1086 2145 opera
1105 2067 1205 2150 ejus⁹

116 2145 294 2247 Helenam.
337 2151 494 2238 Namque
509 2161 587 2238 pest
598 2161 734 2240 captum
748 2155 868 2221 Ilium·
888 2158 993 2242 Ajax,
1007 2166 1203 2236 reeordatus
1309 2154 1313 2163 ¹

113 2266 229 2312 eorum
245 2269 322 2334 quae
334 2253 710 2337 tentis-tempestatibus
724 2263 861 2341 propter
872 2260 1038 2346 mulierem
1053 2265 1205 2351 perpessi

114 2349 311 2432 expertique
324 2362 447 2431 essent,
466 2356 592 2438 primus
614 2356 761 2421 omnium
783 2357 924 2424 interfici
948 2379 1022 2426 eem
1039 2364 1203 2447 jusserat:

109 2444 248 2529 jamque
261 2453 525 2534 approbantibus
541 2455 715 2519 eonsilium
731 2454 850 2541 Ajacis
869 2460 980 2524 multis
994 2463 1103 2543 bonis,
1126 2466 1204 2532 Me·

114 2545 243 2626 nelans,
258 2570 404 2618 amorem
419 2554 568 2640 conjugii
583 2557 684 2621 etiarn
700 2563 775 2621 tunc
790 2559 945 2640 retinens,
967 2563 1117 2646 singulos
1132 2586 1203 2632 arn-

113 2644 235 2713 biendo
250 2653 444 2738 orandoque
460 2654 504 2719 ad
516 2665 719 2738 postremum
740 2657 935 2739 perfecerat,
957 2663 1005 2728 uti
1020 2663 1203 2733 intercessu

112 2743 250 2830 Ulyssis
276 2751 410 2819 Helena
424 2755 604 2821 incolumis
620 2757 688 2821 sibi
707 2758 899 2825 traderetur.
945 2761 1065 2846 ltaque
1079 2768 1200 2832 veluti¹

106 2847 242 2929 judicie
257 2855 431 2921 amborum
445 2856 562 2922 merita
573 2865 587 2893 ¹
608 2862 812 2941 spectantes,
828 2862 904 2944 quis
918 2864 1018 2930 etiarn
1032 2883 1119 2932 nnnc
1131 2869 1203 2933 bel·
1274 2940 1277 2945 ,

110 3148 220 3192 nen-t
235 3144 328 3210 Deipb.
338 3158 493 3213 queram-t
510 3150 648 3205 omittitur
660 3155 750 3208 vocale
767 3154 803 3206 ite
822 3154 847 3204 in
865 3155 916 3203 Del
936 3153 1012 3202 b.-·o
1028 3153 1123 3228 Deipb.
1135 3153 1203 3203 rea-

109 3208 248 3256 untwt
267 3210 360 3276 Delpb.
376 3216 642 3269 cummim-8
659 3218 724 3269 Post
740 3232 809 3283 oriere
824 3217 903 3268 babet
942 3217 1012 3281 elpb.
1022 3215 1202 3267 ammom

610 3376 717 3427 NOTAE

146 3456 256 3521 ἘΜ
274 3459 392 3528 Panae]
415 3467 490 3519 Idem
507 3469 598 3520 fluidae
611 3478 640 3521 et
657 3469 819 3535 *pressisset
846 3470 868 3519 ie
886 3470 954 3519 eninr
974 3467 1073 3530 scribit,
1092 3481 1125 3517 rr.
1144 3469 1202 3520 AEn.

111 3532 259 3586 cedrenus.
293 3538 388 3590 Veron
397 3544 640 3613 Hemerne‚80pbo·
678 3545 877 3609 ipsumllineem
893 3544 1025 3595 demeris
1041 3543 1203 3596 lleieneeo·

109 3610 174 3669 eles,
191 3619 221 3661 et
240 3612 286 3661 elii
302 3628 392 3667 earnes
403 3621 520 3685 tradunt,
531 3621 640 3685 Ajacem
678 3620 782 3683 giteese,
792 3619 839 3670 red
853 3621 981 3677 evenere
997 3619 1047 3670 elio
1063 3620 1202 3679 obductam

110 3683 273 3746 Gtlumem
289 3702 342 3739 uon
353 3691 387 3740 de
404 3694 532 3761 Paludis,
548 3696 594 3747 sed
607 3695 640 3745 de
679 3695 776 3745 iniere:
800 3696 943 3745 ‘Exarsere
961 3696 1031 3759 ignee
1047 3697 1141 3760 suino,
1158 3713 1203 3748 sn·

111 3758 191 3805 ernis
201 3759 310 3811 Aebillie
321 3768 493 3821 contendisse.
585 3788 587 3791 ’
679 3771 718 3822 bit
732 3772 772 3822 ire
787 3770 922 3821 eedentem
934 3771 1029 3825 illeieei
1048 3772 1157 3833 petriam
1174 3782 1202 3822 et

146 3834 343 3902 ¹quu9m
359 3846 546 3909 mulium]
570 3847 639 3899 Nes·
678 3848 816 3898 sceleratus
845 3860 946 3907 sumere
974 3847 1079 3909 peaes·¹
1115 3847 1200 3899 Item:

112 3920 194 3972 qm
213 3910 275 3960 alibi
291 3915 359 3964 istud
380 3922 503 3984 reperies.
535 3922 587 3971 Sed
606 3937 639 3972 re·
678 3924 845 3981 ‘satissime
865 3921 940 3972 netu
960 3927 1055 3984 tanen,
1081 3928 1108 3971 ei
1133 3938 1202 3973 saur·

110 3995 195 4044 qm
211 3991 252 4032 ut
266 3989 394 4043 oculatum
412 4003 506 4047 testem
522 3998 640 4062 quadem
678 3998 742 4049 sisse
753 3998 876 4049 menotio
887 3994 1024 4047 hadebor
1040 4009 1137 4061 ponae,
1147 4000 1201 4049 eei·

108 4056 224 4120 ⁸⁶⁶²&
248 4074 304 4124 qo!
327 4068 397 4131 epod
419 4071 518 4122 uentos
538 4079 639 4122 tentum
679 4087 798 4137 mumque
823 4072 942 4136 explesse
963 4069 1067 4134 jnrrbtt
1092 4072 1201 4124 Ultricis

108 4129 328 4207 f‘'¹⁸¹¹⁸‘i⁰⁸m‚
359 4144 416 4209 Ege
434 4160 495 4198 rere
513 4147 641 4209 existimo,
679 4146 797 4211 flemme,
808 4145 1060 4196 etcinerersetissee
1069 4148 1203 4199 messura·

109 4205 180 4256 iered
198 4220 233 4257 ex
253 4210 308 4274 ipse
321 4216 433 4282 Virgilio
453 4223 576 4273 Nostrum
595 4235 641 4271 ex·
704 4221 1201 4289 *ltaqumietijedieimlerenmriul

141 4286 234 4352 Delph-
242 4296 267 4341 el
280 4292 339 4347 Ver.
350 4298 418 4348 Cius.
593 4299 661 4351 Diei.
674 4299 740 4352 Cret.
1113 4300 1137 4346 R
