3010 4916
533 437 583 517 AB
609 437 822 489 HBYOREN'.

255 724 465 793 Gaillrelmus
482 721 694 789 Gambdenus
708 724 742 790 iu
754 725 925 790 Britannia
938 745 999 791 sua
1013 730 1086 795 133.

165 889 251 968 Quo
270 889 397 953 saeculo
419 885 544 966 floruit,
561 887 620 970 qui
634 887 712 952 hinc
735 886 896 954 amundus
916 898 951 955 et
964 891 1213 973 cognominatus

121 991 299 1077 Josepbus
328 990 484 1068 lsceuus,
510 988 783 1074 splendidissimo
813 992 947 1075 ingenio
969 991 1090 1071 Po’e'ta,
1117 993 1215 1078 cujus

122 1095 252 1178 scripta
273 1094 321 1157 ita
334 1091 571 1177 probabantur,
596 1098 634 1156 ut
647 1093 690 1157 ad
705 1099 853 1157 veterum
869 1095 1068 1180 seriptomm
1081 1094 1215 1161 laudem

121 1196 332 1278 pervenerint
347 1216 356 1259 ι
376 1194 452 1276 eJos
466 1195 586 1259 etenim
602 1195 644 1258 de
656 1194 745 1261 bello
757 1195 903 1279 Trojano
917 1196 1040 1281 poema
1055 1195 1214 1262 Germani

124 1297 229 1362 semel
243 1306 345 1381 atque
358 1297 479 1361 iterum
502 1296 567 1361 snb
590 1294 736 1361 Cornelii
758 1297 902 1382 Nepotis
916 1302 1049 1365 nomine
1063 1299 1214 1381 diuulga-

123 1407 212 1465 runt.

589 1565 684 1632 idern
697 1566 751 1633 33.

166 1703 272 1782 Quod
302 1721 381 1766 vero
409 1700 588 1766 Britannos
617 1721 684 1767 una
712 1721 789 1767 eum
811 1701 964 1771 Hercule
983 1704 1019 1767 iu
1042 1703 1212 1769 Hesiones

123 1815 227 1889 raptu
256 1802 392 1867 affuisse
413 1803 597 1887 colligatur,
619 1824 662 1868 ex
697 1804 750 1869 his
772 1803 929 1882 Cornelii,
950 1812 989 1868 ut
1010 1806 1213 1882 existimant,
1342 1818 1348 1829 ·

124 1904 276 1989 Nepotis
291 1905 448 1984 versibus,
468 1906 549 1971 dum
571 1906 703 1989 nuptias
716 1904 907 1971 Telemonis
919 1911 954 1971 et
969 1905 1139 1971 Hesiones
1154 1906 1213 1971 de·

124 2007 244 2071 scribit
259 2022 300 2069 ιι.
313 2005 366 2071 87.

339 2115 373 2173 et
383 2108 419 2172 iu
433 2128 532 2176 aurea
545 2109 671 2194 poeula
684 2110 751 2177 iusi

209 2209 356 2277 luriunt
369 2230 443 2278 sese
457 2212 582 2296 pateris
596 2212 692 2296 plebs
707 2214 826 2292 mixta,
844 2214 1007 2290 Britanni,
1021 2215 1083 2277 &a

122 2312 230 2377 Plane
245 2311 413 2397 poeticum
426 2322 499 2379 este
514 2314 644 2381 etillius
658 2320 827 2380 auctorem
835 2334 900 2380 non
910 2314 1015 2378 inisse
1024 2312 1213 2378 Comellom

123 2413 303 2497 Nepotem,
325 2421 361 2480 ut
374 2414 531 2483 Germani
546 2416 673 2494 volunt,
695 2417 754 2482 sed
768 2417 792 2482 J
793 2416 952 2499 osephum
968 2415 1128 2480 Iscanum
1142 2415 1214 2478 sire

123 2515 358 2594 Ermnieosem,
385 2517 530 2583 dilucide
550 2525 584 2584 et
603 2521 700 2604 quasi
721 2520 910 2604 obsignatis
931 2519 1052 2584 tabulis
1073 2517 1214 2600 probare

121 2635 276 2701 possum.
320 2618 446 2703 Utique
474 2621 533 2704 qni
559 2620 699 2687 Heurici
723 2623 826 2687 nostri
856 2619 993 2687 secundi
1020 2627 1054 2685 et
1074 2619 1213 2687 Thamar

121 2718 373 2786 Caotuariensis
387 2721 645 2808 Archiepiscopi
658 2725 853 2790 meminerit.

572 2947 669 3011 ldem
693 2947 767 3012 160.

163 3092 242 3159 Nec
256 3094 320 3160 aba
334 3114 371 3160 re
385 3097 459 3175 erit,
481 3098 511 3162 si
525 3116 601 3182 quae
615 3097 788 3182 Josephus
809 3102 920 3163 noster
934 3096 1076 3161 Iscanus
1088 3110 1157 3156 noo
1172 3090 1213 3155 ‹le'

118 3195 251 3277 populo
262 3195 369 3264 Po'e'ta
381 3199 461 3267 olim
476 3199 510 3265 iu
524 3219 589 3266 sua
601 3198 831 3279 Antiocheide,
844 3201 878 3264 in
893 3197 1072 3264 Atthurum
1085 3194 1215 3269 cecinit,

119 3297 182 3361 hic
198 3296 383 3383 adjungam.
426 3300 569 3387 [Versus
581 3303 685 3369 babes
699 3303 734 3368 in
748 3301 811 3366 fine
824 3299 991 3366 Natarum
1003 3295 1074 3375 ιιι.]

571 3511 670 3577 Idem
689 3510 766 3576 261.

161 3644 235 3710 Hic
248 3644 308 3709 ille
323 3651 376 3710 ert
390 3644 521 3726 scere,
545 3645 643 3729 cujus
660 3645 765 3709 virtus
778 3644 812 3708 in
825 3641 917 3708 bello
931 3641 1023 3707 cirili
1038 3641 1215 3728 Dyrrachii

115 3746 306 3814 clarissime
321 3747 470 3827 emicuit,
485 3766 651 3834 quemque
665 3747 800 3813 natione
816 3747 1011 3815 Britannum
1024 3745 1129 3811 fuisse
1144 3744 1213 3809 Po-

115 3846 182 3910 eta
197 3852 308 3912 noster
318 3846 491 3933 Iosephus
504 3851 539 3916 in
554 3848 776 3915 Antiocheide
790 3848 913 3935 prodit,
921 3846 974 3913 his
989 3846 1029 3912 de
1042 3845 1216 3915 Britannia

115 3947 299 4012 versibus:

211 4037 305 4112 Hinc
319 4056 352 4116 et
365 4050 487 4120 Scaeva
501 4062 608 4137 satus,
623 4074 702 4141 pars
716 4073 782 4120 nou
798 4053 944 4120 obscura
957 4049 1118 4117 tumultus

208 4146 341 4229 civilis,
353 4151 516 4236 Magnum
532 4158 624 4222 solus
639 4156 696 4241 qni
707 4156 793 4221 molo
808 4153 919 4219 soluta

204 4250 364 4333 Obsedit,
380 4254 564 4342 meliorque
579 4259 672 4324 stetit
684 4277 744 4342 pro
759 4256 895 4323 Caesare
910 4273 1033 4320 murus.
