2980 4916
267 382 310 449 ὦ
704 395 791 445 nun
816 395 928 445 aulos

266 545 365 610 Iovis
387 549 422 608 et
441 544 558 620 Ledae,
574 560 651 624 quae
674 542 801 626 conjux
821 541 984 625 Tyndari.
1029 541 1161 607 Horum
1183 544 1240 613 ille
1257 565 1364 639 equo·

266 665 336 712 rum
351 646 505 710 domitor.
550 642 670 707 Horat.
688 660 710 707 ι.
734 642 800 706 Od.
816 644 868 707 12.
883 644 936 707 26.
951 642 1007 707 blo
1023 662 1101 709 vero
1117 645 1286 727 pugillatu
1301 665 1365 710 no·
1484 700 1485 715 .

267 746 364 810 bilis:
387 750 473 810 teste
488 743 611 808 ibidem
627 741 784 806 Horatio.

310 846 498 927 Pinguntur
505 844 631 927 pileati.
643 842 766 908 catull.
778 856 952 906 xxxvrn.
962 842 1029 907 nisi
1039 844 1147 927 pileos
1156 862 1269 920 voees,
1282 865 1363 928 quae

265 946 343 1011 aliia
359 945 555 1010 olorinorum
572 962 710 1008 ovorum
724 941 787 1028 (ex
809 944 853 1006 lis
875 943 962 1005 enim
978 946 1144 1026 prognati.
1178 945 1302 1010 Horat.
1321 963 1363 1009 rr.

167 1102 171 1109 .
266 1048 339 1113 Sat.
355 1045 472 1130 1.·26.)
485 1046 671 1130 potamius.
714 1047 860 1110 Lucian.
880 1047 915 1109 in
938 1047 1073 1131 Dialog.
1087 1048 1205 1131 Apoll.
1219 1056 1254 1114 et
1268 1047 1361 1113 Mer·

265 1170 336 1215 cnr.
351 1148 451 1214 Certe
465 1148 501 1212 bi
514 1146 854 1232 Lacones,(Pausan.
867 1148 1078 1212 mliacensi
1091 1147 1314 1231 Messeniae.)
1327 1158 1364 1214 et

266 1251 377 1333 pileus
406 1250 495 1333 apud
522 1248 705 1332 Spartanos
725 1248 913 1313 nobilitatis
935 1249 1077 1331 insigne.
1120 1250 1228 1315 Pileis
1244 1256 1362 1315 autem

265 1351 432 1416 adduntur
455 1350 579 1415 stelle:
609 1346 794 1432 (Apuleius
817 1365 855 1412 x.
883 1347 1022 1413 Metam.
1065 1347 1181 1414 Valet.
1197 1347 1361 1428 Flaccus,

266 1452 449 1534 Argonant.
472 1466 507 1513 v.
531 1447 625 1532 861.)
646 1470 723 1533 quae
743 1450 977 1532 navigantibus
999 1450 1173 1514 salutarm.
1219 1448 1361 1514 bodan.

266 1551 402 1633 Dialog.
430 1552 488 1616 cit„
513 1551 634 1615 Horat.
656 1569 681 1615 ι.
705 1549 772 1616 Od.
796 1551 831 1615 3.
854 1550 888 1614 3.
921 1550 1027 1614 Silius
1052 1565 1117 1613 xv.
1142 1550 1261 1616 Punic·
1283 1550 1362 1615 6⁴3.

266 1649 438 1729 Quocirca
452 1670 517 1715 non
532 1652 641 1715 solum
663 1650 743 1733 pilei
765 1651 801 1714 bi
823 1649 948 1714 stellati
972 1650 1209 1715 maritimarum
1229 1651 1361 1715 urbium

263 1751 334 1835 (tot
348 1752 506 1817 Nummis
529 1750 689 1835 testibus)
708 1758 873 1841 consueta
897 1750 1074 1833 symbola:
1097 1769 1209 1816 verum
1233 1757 1268 1815 et
1292 1750 1361 1833 ipsi

264 1852 468 1935 Tyndaride
476 1852 618 1917 littoreis
633 1853 772 1916 urbibus
785 1849 929 1935 (Plinio,
944 1850 1124 1929 Strabone,
1136 1857 1172 1916 et
1185 1852 1359 1936 Stephano
1486 1920 1487 1955 1

265 1951 506 2038 probantibus)
521 1950 900 2017 suadetnserenomina.
1042 1966 1045 1972 '

307 2053 440 2118 Revera
453 2052 542 2117 enim
565 2052 661 2137 (eliis
676 2058 712 2114 et
729 2052 762 2125 iu
783 2050 936 2115 Zodiaco
958 2068 1035 2116 esse
1049 2052 1211 2118 Geminos
1227 2072 1295 2118 non
1308 2054 1362 2136 lg·

221 2218 229 2229 ,
263 2151 363 2238 noro)
377 2151 608 2219 tantummodo
623 2152 814 2234 suntignes,
826 2151 994 2216 stellarum
1010 2154 1132 2235 instar3
1153 2154 1244 2237 quod
1253 2161 1362 2220 mete-

264 2255 313 2319 ori
332 2274 437 2340 genua
457 2255 689 2338 navigantibus
711 2270 917 2338 prosperum,
943 2254 974 2317 si
997 2255 1030 2318 in
1050 2255 1197 2320 antennis
1220 2255 1361 2320 navinm

264 2354 425 2440 appareat
439 2357 623 2438 geminum:
646 2357 739 2420 triste
758 2368 839 2420 vero
858 2355 1163 2439 periculosumque,
1185 2356 1215 2421 si
1242 2356 1360 2422 solita·

263 2457 349 2520 rium
370 2454 477 2539 (quod
501 2456 647 2519 Helenae
672 2453 844 2537 tribuitur)
869 2457 903 2519 in
924 2475 1026 2523 naves
1050 2458 1235 2522 delabatur.
1278 2457 1359 2523 Sta·

151 2560 156 2567 '
264 2557 344 2633 tius,
358 2571 414 2620 ιιι.
438 2554 530 2637 Sylv.
550 2557 582 2618 2.
596 2554 629 2619 8.
644 2554 788 2633 Seneca,
803 2556 848 2634 Q.
860 2557 981 2624 Natur.
997 2575 1023 2621 ι.
1034 2560 1070 2623 1.
1090 2559 1177 2623 Plin.
1197 2558 1243 2624 Η.
1256 2558 1301 2624 Ν.
1317 2574 1359 2626 ιι.

263 2655 307 2720 37

308 2700 486 2817 blummum
499 2756 586 2820 bunc
601 2754 744 2839 Oyzelio
761 2756 935 2837 debemus,
957 2760 1015 2843 qni
1030 2778 1106 2823 enm
1126 2778 1145 2823 e
1165 2767 1262 2841 gente
1278 2758 1358 2825 Sul·

263 2855 429 2941 piciornm
441 2854 607 2922 Tbeaanri
620 2859 674 2922 41.
687 2858 757 2923 dat.

593 3117 781 3184 XXVIII.
825 3116 1033 3184 HECTOR.

655 3267 735 3331 Lrs.
751 3284 809 3333 ιιι.
831 3267 920 3332 Gar.
934 3268 966 3330 6.
987 3318 991 3327 .

291 3439 496 3523 ‘Postquam
509 3440 639 3508 Hector
651 3463 712 3527 per
721 3443 824 3508 aliam
833 3446 959 3526 partem
970 3442 1092 3507 relicto
1107 3461 1204 3506 curru
1219 3443 1317 3507 ausu·

751 3543 842 3609 erat!

304 3653 340 3718 H
347 3670 476 3730 soros,
503 3652 628 3719 Priami
653 3664 689 3721 et
716 3565 872 3724 lIecubac
892 3658 993 3735 tilius,
1006 3655 1261 3721 Andromaches
1283 3677 1356 3722 ma·

259 3756 343 3819 ritus
363 3761 399 3818 et
413 3750 637 3835 Astyanactis
661 3766 778 3838 pater3
801 3759 947 3822 omnium
969 3757 1190 3840 Trojanorum
1210 3759 1356 3823 tortissi-

259 3873 356 4018 3133
364 3873 446 4018 1ιέἑο
461 3854 588 3940 sospite
599 3856 701 3942 Troja
714 3858 994 3943 inexpugnabilis.
1037 3860 1174 3979 Seneca,
1186 3859 1219 3922 in
1229 3856 1355 3924 Troad.

303 4053 435 4119 Graecis
456 4057 642 4123 innumerus
675 4059 791 4125 clades
826 4060 952 4138 attulit,
979 4061 1142 4145 plurimos
1172 4060 1353 4139 interfecit,

260 4174 337 4220 cum
346 4153 453 4239 Ajace
465 4158 622 4239 singulari
637 4163 816 4228 certamine
830 4162 1000 4246 pugnavit
1045 4162 1148 4225 Hom.
1164 4160 1205 4227 ll.
1222 4187 1249 4237 η.
