2992 4910
418 393 468 442 nn
493 393 612 440 sunno
634 394 805 445 ruossuo
827 400 902 448 usn.
926 402 975 485 ys.
1167 390 1233 456 288

132 561 191 619 us,
206 539 268 624 qui
288 555 351 601 uun
368 533 413 599 ed
429 535 599 599 oraculum
617 544 783 616 venerunt,
804 542 983 606 contemtui
1001 543 1162 612 babentes
1176 567 1230 613 us·

135 641 288 706 oendunt
300 656 431 713 nouem,
445 636 623 720 medioque
632 637 699 702 fere
713 641 826 722 spatio
837 641 972 706 fulmine
986 644 1044 709 ioti
1058 646 1229 714 intereunt.
1304 658 1309 665 ‘

138 743 286 816 Interim,
299 740 349 802 nti
361 736 557 821 praedictum
573 737 736 803 divinitus
749 748 832 818 eret,
843 741 960 807 eodem
975 743 1046 808 iotu
1057 745 1228 815 fulminum

137 842 262 907 sedete
274 839 432 915 vismoli,
455 838 677 922 immorsaque
699 841 793 919 muri,
814 850 849 907 et
866 843 959 925 regio
979 845 1088 908 omnis
1102 850 1230 930 replete

136 942 298 1024 frugibus.
340 941 419 1021 [12]
442 939 507 1003 Per
520 939 609 1004 idem
624 947 754 1024 tempus
769 943 1024 1026 Neoptolemus,
1037 946 1228 1015 eontirmuto

131 1043 204 1127 jem
219 1063 295 1107 oum
311 1041 522 1106 Hermione4
539 1041 763 1122 matrimonio,
785 1044 939 1128 Delphos
954 1046 999 1110 ed
1014 1044 1229 1128 Apollinem⁸

134 1145 351 1227 gratulatum,
374 1142 464 1225 quod
478 1143 514 1206 in
535 1150 705 1207 auctorem
720 1150 868 1227 peternse
881 1145 988 1210 coedis
1002 1144 1230 1214 Alexandrum

134 1245 345 1308 vindicatum
371 1250 473 1321 esset,
508 1241 738 1325 proficiscitur,
766 1245 881 1310 relicte
908 1246 944 1309 in
971 1244 1072 1310 domo
1098 1245 1230 1313 Andro·

135 1345 272 1421 mucha,
281 1345 422 1428 ejusque
432 1343 503 1408 filio
514 1343 751 1423 Leodamante,
761 1347 817 1428 qui
827 1346 992 1430 reliquus⁵
1003 1346 1073 1430 jum
1084 1347 1229 1414 liliorum

136 1445 304 1511 Hectoris
331 1444 551 1527 superfuerat.
595 1443 662 1508 Sed
689 1443 899 1511 Hermionel
929 1453 1008 1529 post
1030 1448 1228 1514 abscessum

134 1546 211 1623 viri,
228 1546 321 1611 rictu
334 1544 449 1610 dolore
462 1544 578 1622 enimi,
598 1562 705 1627 neque
719 1545 908 1627 pellicatum
922 1549 1065 1631 suptivee
1081 1550 1227 1633 petiens,

132 1653 305 1730 parentem
319 1666 417 1710 suum
440 1644 630 1711 Menelaum
645 1648 786 1712 accitum
801 1649 921 1715 mittit:
945 1650 1012 1727 cui,
1032 1650 1134 1715 multe
1145 1669 1227 1716 oon·

134 1754 262 1831 queste
286 1765 382 1828 super
403 1745 525 1835 injurie
544 1745 695 1827 preeiutee
710 1748 775 1811 sibi
790 1766 811 1812 e
825 1747 896 1811 viro
909 1751 1054 1830 captives
1070 1751 1225 1824 mulieris,

167 2076 184 2121 t
202 2072 298 2137 Deipb.
309 2072 444 2135 Emisere,
455 2078 483 2123 et
494 2073 531 2123 sie
543 2071 693 2137 persius-t
711 2072 806 2137 Delpb.
815 2073 929 2137 reliquis·-

630 2269 737 2322 NOTAE

167 2403 181 2430 ¹
196 2394 343 2459 Dripissud
352 2394 496 2460 amilium]
506 2396 662 2449 Sebolisstes
702 2397 745 2448 Its
761 2398 828 2449 euiru
848 2396 985 2462 Euripides
1001 2397 1027 2447 iu
1039 2395 1228 2451 Andromsohs.

135 2470 242 2521 Pindsri
262 2470 316 2521 ot.
331 2474 358 2519 t.
383 2471 459 2521 Nem.
470 2479 498 2521 et
507 2471 662 2524 Sobellsstes
702 2475 889 2537 Neoptolemus
899 2473 1086 2538 shitDelphos,
1097 2473 1227 2538 pisostum

135 2546 267 2610 Euripidis
282 2547 310 2595 iu
323 2544 428 2602 Oreste,
441 2546 560 2597 scribunt
573 2547 662 2613 Neop-
702 2545 847 2612 Apollinem
858 2565 933 2614 quern
949 2558 1063 2613 peterse
1078 2548 1157 2600 eredis
1166 2551 1226 2601 olim

133 2625 257 2674 tolemnrn
269 2623 385 2686 Delphos
395 2623 553 2686 profectum,
563 2630 592 2674 ut
603 2639 663 2675 oon·
703 2626 862 2687 postularet:
874 2633 932 2688 post
942 2626 999 2689 eius
1007 2624 1146 2676 discessum
1158 2624 1227 2676 ller-

129 2700 232 2749 suleret
259 2701 389 2748 orsesium
419 2713 498 2763 super
525 2699 662 2751 sterilitate
702 2698 834 2762 mione‚se
849 2700 968 2763 zelotypo
986 2698 1084 2749 hebens
1099 2698 1227 2763 ergeriu-

130 2774 297 2836 Hermione,
307 2789 362 2836 que
373 2775 458 2823 nuilus
468 2774 507 2824 ilii
520 2774 608 2826 liberis
619 2791 666 2841 ps.
701 2770 866 2835 dromsolren,
884 2773 909 2823 ei
926 2786 1016 2823 oseem
1029 2772 1161 2840 liberoque
1171 2775 1226 2839 ejus

129 2850 227 2901 riebst.
267 2848 411 2911 Euripides.
427 2850 453 2899 in
474 2850 667 2915 Andronium,
700 2848 813 2899 Molosso
821 2849 1227 2910 msehiustuhleuelsumsoeer·

128 2928 237 2978 siteurn
246 2925 362 2988 Delphos
373 2923 667 2990 profectum‚utplsos-
701 2925 743 2975 sit.
776 2924 956 2975 Andromache
964 2924 990 2974 id
999 2925 1104 2975 audieus
1116 2938 1225 2990 puerum

127 3012 169 3052 ret
187 3001 346 3064 Apollinem,
362 3014 437 3064 quem
454 3006 530 3050 tutes
545 3009 663 3065 peiorum
701 2999 836 3064 ablegavit,
846 3000 952 3065 ipseque
969 2998 1084 3062 fugituri
1100 3001 1226 3062 templum

126 3076 212 3127 endis
235 3075 391 3139 postularet.
423 3075 466 3124 Sis
486 3075 565 3137 enim,
585 3075 664 3126 ’Arde
699 3075 825 3127 Thetidis·
857 3074 1033 3140 Sedquioum
1043 3074 1165 3123 Menelao
1182 3086 1226 3121 re·

127 3150 301 3213 swern?
319 3147 381 3210 ulus,
398 3147 532 3214 imnetip
543 3149 611 3210 δίκην
620 3150 662 3201 di·
700 3160 801 3209 nerent,
817 3160 844 3201 et
862 3150 942 3200 tilium
959 3150 1122 3211 iureueruut,
1133 3148 1226 3211 ipsem-

127 3231 189 3277 δοκι
206 3226 299 3289 mles,
318 3225 348 3284 ir
366 3226 427 3284 sori,
446 3225 471 3275 fs
489 3226 559 3275 nuth
573 3227 661 3291 μολὸν,
701 3241 750 3290 que
779 3226 919 3290 decepturus
945 3222 1092 3272 eduxerunt
1118 3221 1228 3284 templo,

124 3304 222 3361 'time
251 3303 340 3356 §uider
357 3300 444 3363 turpis
464 3297 493 3349 oi
512 3319 568 3351 riser
585 3301 661 3365 olm,
696 3301 801 3364 jesuque
817 3303 1040 3362 uirumqnsrrent
1056 3292 1230 3358 interfecturi,

127 3383 180 3429 dre.
204 3376 275 3439 opud
298 3389 356 3424 euru
375 3374 565 3441 Andrumsobs,
591 3377 660 3428 ‘Ab-
701 3369 1227 3434 eumadvenientePelee‚prebibitisunt.

126 3467 191 3504 reus
216 3449 379 3513 Delphorum
401 3452 474 3501 eires
494 3458 598 3515 terrum,
617 3452 661 3503 ubi
701 3450 837 3499 Menelaus
847 3448 924 3499 rediit
941 3448 1072 3510 Spurium,
1085 3442 1227 3496 Hermione

124 3527 249 3593 Apollini
262 3539 352 3589 pones
361 3524 528 3588 Buthrotio,
539 3528 661 3592 quoeliur
701 3533 787 3575 entem
800 3524 977 3588 poenitentium
995 3522 1135 3584 simulsrit,
1147 3523 1229 3573 verite

125 3605 160 3655 sd
190 3601 344 3653 Putlrenem
370 3601 486 3663 veniens,
514 3602 663 3653 Postulavit
701 3601 867 3666 presentium
881 3599 1052 3665 Neoptolemi.
1079 3598 1228 3651 Adveniens

124 3678 260 3729 Phoeburrr
277 3675 359 3725 cedis
372 3685 487 3739 psterne
500 3678 573 3743 cujus
586 3678 664 3728 soluit
702 3683 788 3726 sutem
807 3674 923 3733 Orestes,
942 3674 1107 3725 Hermionen
1122 3672 1227 3744 uiridem

129 3751 241 3818 prunus?
270 3752 368 3801 Veruru
391 3751 434 3801 sill
455 3749 592 3814 affirment,
610 3753 665 3802 Ne·
701 3750 805 3802 redusit
816 3751 936 3815 Spsrtsm
944 3757 971 3798 et
979 3749 1149 3813 Neoptolemo
1157 3746 1227 3813 spnd

130 3828 293 3892 uptuiemum
313 3826 431 3889 Delphos
453 3827 542 3890 trisse,
558 3835 587 3876 ut
607 3826 664 3893 ejus
702 3826 819 3890 Delphos
833 3824 938 3876 iusidias
955 3824 1058 3873 struxit.
1090 3823 1169 3889 Isque
1188 3824 1226 3873 in·

130 3901 262 3965 templum
277 3901 410 3964 espttsrrt.
442 3901 479 3950 lit
494 3902 664 3965 esmopiuio·
702 3900 828 3951 terfeotus
850 3906 1006 3965 asportetur.
1037 3898 1118 3950 Peleu
1139 3905 1226 3949 sutem

128 3990 198 4029 nent
209 3976 403 4027 verisimiliorem
416 3975 481 4025 dicit
491 3975 579 4026 Strsb.
590 3990 631 4027 tx.
703 3979 799 4028 volenti
809 3979 897 4041 lugere
908 3982 1035 4025 mortuum
1046 3974 1138 4026 'lbetis
1146 3990 1227 4039 eppe·

164 4061 179 4096 r
195 4050 246 4101 Sed
257 4051 381 4102 limone
394 4049 550 4116 [limum]
560 4057 612 4115 post
622 4052 663 4102 uh·
702 4068 771 4117 rens,
788 4054 855 4103 hune
866 4051 968 4118 quidem
982 4052 1062 4116 jussit
1078 4053 1227 4118 innuptis

121 4126 305 4191 manniri]
328 4120 556 4178 lisnc‘historisru
576 4126 663 4178 bausit
701 4129 814 4193 sepeliri,
832 4125 1034 4178 Andromachum
1052 4135 1139 4181 sutem
1157 4126 1226 4179 mitti

119 4221 158 4259 ex
180 4201 324 4267 Euripide,
338 4202 480 4254 immutstis
499 4201 661 4271 quibusdum.
703 4202 736 4255 sd
747 4202 874 4254 Molossos
884 4216 942 4253 oum
953 4215 1041 4269 puero.
