3034 4928
533 380 653 435 sosas
677 387 827 443 ruoros.
1182 391 1230 461 85

121 523 248 608 (quem
270 525 303 588 ei
330 525 460 591 Hector
480 542 563 612 post
585 539 750 602 certamen
774 541 939 625 singulare
958 548 1049 615 dono
1074 552 1226 639 dederat)

123 624 302 690 incubuit:
322 627 419 709 cujus
431 647 533 695 cruor
553 633 588 695 in
608 634 791 706 floremest
804 647 1048 714 transmutatos.
1091 654 1224 738 Sopho·

126 724 211 799 cles,
225 725 261 789 in
278 724 388 810 Ajace
403 729 569 812 Flagellif.
582 737 638 798 cui
654 737 742 802 adde
758 739 939 822 Alciatum,
954 747 996 811 ad
1012 751 1085 815 167.
1100 762 1136 817 et
1148 756 1221 822 175.

125 821 292 889 Emblem.
304 848 436 894 necnon
448 829 548 896 Ovid.
566 839 889 907 x111.Metam.391.

296 928 339 993 In
355 937 491 1013 pectus,
503 941 574 999 tnm
588 936 721 1007 demum
734 941 872 1009 vulnera
887 964 1039 1027 passum,

213 1023 293 1103 Qua
307 1031 424 1111 patuit
437 1033 535 1110 ferro,
547 1035 678 1100 letalem
688 1041 837 1106 condidit
850 1063 975 1111 ensem.

167 1123 355 1191 Nummum
377 1131 477 1209 hauc,
499 1153 521 1197 a
543 1135 780 1218 Prusensibas,
794 1143 829 1206 in
851 1146 1009 1213 honorem
1031 1150 1217 1224 Caracalla

124 1222 209 1309 Imp.
230 1247 371 1306 cusum,
395 1239 472 1297 anta
498 1254 563 1299 nos
585 1238 766 1322 depinxere
790 1242 944 1324 Patinus,
965 1249 999 1313 iu
1023 1251 1134 1339 Impp.
1149 1257 1219 1322 Ro·

123 1345 211 1390 maa.
239 1330 320 1393 243.
352 1338 386 1396 et
410 1334 573 1416 Spouios,
602 1341 637 1403 in
660 1340 808 1409 itinerar.
832 1347 887 1411 cui
911 1353 1088 1436 respondet
1109 1356 1218 1424 Licoti

123 1424 279 1507 Gemma,
303 1433 394 1516 apud
419 1434 638 1517 Gronovium,
665 1440 871 1528 Dactylioth.
889 1465 928 1513 ιι.
951 1451 1022 1517 503.
1049 1453 1143 1535 Gom.
1157 1460 1215 1545 pli

122 1535 156 1589 et
169 1528 228 1593 fax
244 1532 375 1611 ardeus,
390 1533 535 1619 AJacem
549 1539 609 1623 (de
631 1543 762 1610 Brenno
785 1548 966 1635 somnium)
989 1563 1088 1623 noctu
1110 1568 1213 1627 mmet

122 1627 230 1710 ipsum
246 1633 438 1700 confodisse
453 1637 629 1720 siguificat.

445 1962 593 2029 XXIV.
637 1964 893 2032 NAUSICAA.

517 2129 597 2194 Lis.
613 2147 663 2195 vr.
684 2131 776 2199 (lar.
791 2134 825 2199 6.

156 2292 166 2320 ‘
180 2289 302 2375 Neque
316 2293 418 2357 multo
428 2301 515 2376 post,
529 2297 684 2377 precibus
697 2305 800 2379 atque
814 2299 945 2362 hortatu
955 2298 1105 2382 Ulyssis,
1120 2300 1181 2365 Al·

301 2394 387 2457 cinoi
402 2394 472 2459 lilia
488 2388 662 2463 Nausicaa
677 2397 880 2463 Telemacho
896 2399 1056 2465 denubit:

160 2539 375 2620 Nauaron,
408 2541 554 2622 Alcinoi,
586 2544 767 2610 Phaeacum
800 2547 888 2628 regis
925 2547 958 2609 lu
986 2546 1145 2632 Corcyra,
1173 2555 1207 2612 et

122 2639 236 2707 Aretes
257 2643 340 2721 filia,
361 2664 439 2727 quae
463 2645 547 2710 sorte
571 2665 646 2709 cum
671 2645 884 2729 pedissequis
905 2647 997 2728 regia
1019 2649 1148 2725 exieus,
1170 2649 1206 2713 ia

117 2739 244 2808 flumine
260 2753 371 2810 vestes
391 2747 563 2824 ablutura,
580 2745 699 2811 incidit
718 2747 753 2809 iu
770 2745 938 2830 Ulyssem,
952 2747 1156 2831 naufragum,
1169 2748 1205 2813 in

117 2841 221 2908 littore
245 2847 426 2925 sedentem,
456 2849 595 2912 nudum.
655 2847 747 2912 Huic
783 2852 891 2912 autem
923 2849 1067 2931 supplici
1095 2855 1205 2915 vestas

118 2942 213 3023 dedit,
227 2968 374 3031 eumque
384 2949 429 3014 nd
444 2955 571 3032 patrem
587 2947 754 3031 perduxit
777 2947 882 3013 Hom.
896 2945 961 3012 0d·
973 2953 997 3018 1.
1018 2986 1023 3001 -

155 3047 337 3117 Nausicaae
354 3058 468 3118 antem
484 3061 578 3136 pater
586 3054 698 3137 justus
712 3071 753 3116 ac
768 3052 953 3135 pacificas3
976 3055 1072 3136 cujus
1089 3071 1202 3135 poma·

115 3147 228 3215 riorum
241 3156 330 3217 mira
343 3152 503 3217 fertilitas
518 3154 600 3217 abiit
618 3155 652 3216 iu
668 3154 889 3235 proverbium.
916 3152 1043 3217 Statius
1058 3168 1084 3215 1.
1107 3150 1202 3232 sylv.

114 3247 145 3309 3.
157 3248 208 3313 81.
230 3251 389 3319 Juvenal.
405 3270 440 3315 v.
465 3253 539 3318 Sat.
565 3252 639 3317 151.
667 3254 816 3336 Propert.
835 3268 891 3315 ιιι.
917 3253 947 3314 1.
993 3249 1092 3315 Unde
1112 3255 1146 3360 et
1169 3249 1203 3313 iu

116 3347 268 3415 Nummis
282 3354 537 3438 Corcyreusium
552 3362 586 3419 et
601 3353 909 3437 Dyrrachieusinm,
919 3349 1006 3431 apud
1019 3346 1200 3425 Goltarum,

114 3447 223 3513 Gamo.
237 3453 269 3514 l.
281 3455 314 3517 2.
327 3462 362 3519 et
381 3454 469 3519 Tab.
485 3456 747 3537 conspiciuntur,
762 3452 812 3515 uti
833 3449 960 3532 primus
982 3446 1121 3513 credidit
1132 3448 1200 3513 Be·

114 3568 217 3629 gerus,
242 3551 403 3619 stamar.
428 3554 571 3620 Palatia.
588 3571 613 3617 r.
628 3555 704 3617 455.
731 3556 830 3633 atque
846 3549 949 3613 etiam
969 3569 991 3614 a
1005 3568 1058 3613 me
1080 3550 1199 3614 ooulir-

112 3658 223 3730 matnr,
238 3655 281 3718 ad
298 3655 497 3720 Wildianor.
513 3655 679 3719 Selector.
697 3652 751 3716 55.

152 3751 250 3819 Porro
264 3732 337 3822 llaec
357 3756 531 3821 Nausicaa
552 3776 571 3819 e
596 3753 805 3819 Nomismata
820 3751 1091 3836 Mitylenensiom
1105 3752 1196 3836 apud

110 3850 278 3934 Sponium,
301 3857 495 3923 Miscellau.
512 3856 640 3920 Erudit.
659 3855 799 3919 ιν.130.
