3006 4906
566 414 774 464 sssnunrx.
1158 407 1222 471 347

126 568 289 638 referens?
335 564 406 632 Ubi
430 565 569 631 ridicule
588 566 759 651 iosephus
779 566 1036 654 Burdoseuliger
1051 579 1221 657 postrenus

129 674 196 738 tris
209 672 311 738 verbu
326 666 452 734 Lucilii
471 685 548 732 esse
564 666 717 745 credidit,
737 686 814 751 ans
830 667 975 734 Charisii
990 690 1076 749 esse,
1089 692 1133 738 ex
1149 673 1220 739 Do-

128 774 200 838 nati
212 772 323 837 verbis
347 769 478 834 discere
497 773 638 852 poterut
682 769 843 853 Hyginus
862 770 930 834 tub.
949 772 1025 837 274.
1049 773 1125 840 ‘Ne
1144 777 1220 858 quis

127 894 244 942 vserus
258 880 361 938 estem
375 869 577 937 medicinam
592 870 757 937 disceret!
802 870 934 936 Plinius
948 893 957 938 r
974 873 1220 959 ‘Hippocrates

130 976 333 1042 clarissimus
357 971 534 1038 medicinoe
558 970 731 1039 scientiae!
774 971 926 1039 Ceterum
941 971 1052 1040 Verre
1073 976 1108 1040 in
1120 996 1161 1041 eo
1174 977 1220 1041 nil
1280 977 1284 983 '

128 1084 252 1162 prester
270 1076 403 1141 solitum
416 1079 566 1156 nugetur,
589 1092 666 1138 enm
682 1072 846 1138 medicum
864 1093 886 1138 e
901 1073 1065 1141 medicine
1078 1081 1113 1141 et
1126 1085 1220 1142 suto·

128 1198 196 1244 rem
211 1196 233 1242 a
247 1178 374 1242 sutrina
387 1175 570 1240 derivatum
585 1173 736 1252 affirmet,
752 1193 827 1239 cum
841 1194 904 1241 nes
924 1177 1019 1260 pueri
1038 1176 1111 1261 jem
1125 1179 1220 1260 ignc-

128 1286 208 1358 rent,
237 1279 372 1343 nemine
398 1276 435 1340 in
457 1275 527 1339 inus
551 1276 709 1342 exeuntia
732 1277 777 1342 eb
799 1296 841 1342 eu
864 1277 1051 1362 primigenii
1076 1279 1220 1345 nominis

130 1400 226 1458 cusu,
239 1380 295 1462 qni
308 1377 408 1444 cedet
420 1377 457 1442 iu
469 1377 493 1455 i,
505 1377 647 1444 formate
658 1397 741 1444 esse.
778 1378 900 1464 ltaque
916 1398 993 1446 cunr
1005 1399 1027 1446 e
1039 1381 1219 1464 participio

129 1482 268 1566 passivo
283 1487 381 1545 sutus
397 1479 521 1545 suctum
544 1479 666 1545 fuisset
682 1485 786 1560 sutor,
809 1482 853 1547 eb
868 1480 970 1566 hujus
984 1487 1104 1565 postes
1117 1483 1219 1548 tertie

128 1602 207 1648 casn
221 1583 325 1648 sutori
344 1580 532 1666 profectum
546 1584 601 1645 est
614 1582 793 1660 suterinus,
815 1590 850 1647 et
867 1601 926 1665 per
938 1601 1107 1668 syncopen
1120 1586 1219 1649 sutri-

128 1703 203 1761 nus,
218 1682 447 1766 similiterque,
462 1700 484 1745 e
498 1683 603 1747 verbo
620 1682 732 1765 pinso,
750 1681 889 1766 (priscis
912 1683 1001 1765 piso,
1025 1690 1110 1749 teste
1133 1684 1217 1749 Dio-

127 1783 236 1861 mede,
246 1803 269 1848 n
282 1782 394 1848 Gracc.
402 1780 546 1868 eriere)
559 1784 740 1869 participio
754 1783 874 1867 pistus,
888 1782 1012 1848 semum
1021 1782 1086 1849 luit
1096 1783 1216 1866 pistor,

127 1890 161 1948 et
173 1903 196 1948 u
215 1884 343 1968 pistori,
356 1886 536 1968 pistorinus
550 1890 584 1951 et
601 1871 777 1969 pistrinum
794 1903 816 1950 e
832 1884 968 1961 tentori,
983 1885 1172 1950 textorinus
1183 1896 1217 1951 et

128 1986 305 2065 textrinns3
319 1985 507 2064 emedicus,
516 1985 652 2063 medici,
662 1984 866 2065 medicinus3
882 1985 1030 2070 spineis,
1039 1985 1138 2068 pisci,
1148 1987 1216 2070 pis-

127 2086 247 2167 ciuus3
263 2105 285 2152 e
298 2106 367 2166 rex,
381 2088 462 2171 regi,
476 2086 628 2171 reginus3
643 2106 665 2151 e
679 2086 745 2164 sul,
760 2087 837 2164 seli,
851 2087 986 2153 selinus.
1016 2086 1059 2152 ln
1074 2085 1217 2151 sminnm

126 2206 208 2271 erge
219 2180 437 2253 subaudimus
457 2206 531 2267 ves,
549 2188 588 2251 in
602 2187 733 2266 selinus,
748 2189 803 2253 vel
825 2190 987 2266 tebemm,
1001 2188 1055 2252 vel
1079 2186 1215 2265 iedinoe,

124 2289 162 2351 iu
176 2290 319 2374 piscine,
329 2307 428 2373 eque.
455 2288 546 2353 Nem
555 2286 592 2352 et'
605 2288 768 2372 ‘petimen
781 2286 962 2370 piscinum'
977 2285 1118 2355 Naevius
1132 2293 1215 2352 teste

125 2387 230 2453 Festo
255 2387 354 2454 uixit.
398 2388 441 2453 ln
469 2387 586 2471 regine
610 2386 810 2453 subauditur
833 2388 984 2467 immine,
1007 2382 1089 2466 filie,
1118 2405 1216 2453 uxor.

127 2488 300 2556 Charisius
310 2486 324 2555 τ’
346 2488 501 2574 ‘Regine
514 2488 607 2553 nulle
621 2487 723 2553 mode
735 2487 963 2572 recipiendum
976 2487 1042 2554 nisi
1054 2489 1214 2572 recipere·

126 2609 205 2655 runs
222 2588 433 2675 et'reglnnm!
476 2591 598 2675 ltaque
619 2587 783 2672 Virgilius
806 2590 904 2656 Ilium
923 2595 1025 2656 vocat
1039 2589 1215 2674 Reginum

123 2710 191 2757 nec
203 2710 301 2758 scens
324 2690 520 2769 Adeduem,
541 2689 632 2774 quod
645 2688 725 2755 tilius
739 2697 852 2758 esseut
864 2692 976 2775 regim
1019 2690 1065 2757 Et
1076 2692 1214 2761 servius

121 2790 161 2860 in
185 2790 338 2863 lllo'AEm·
354 2809 380 2860 r.
401 2791 527 2871 ‘Quod
546 2792 638 2873 regie
650 2790 742 2857 June
759 2792 986 2860 Monstreret'
1029 2793 1140 2879 Regis
1163 2795 1215 2860 in·

122 2903 336 2980 terpretatur,
359 2893 481 2977 regine,
495 2910 615 2975 nempe
635 2898 672 2958 nt
691 2911 714 2957 s
726 2892 787 2957 lux
800 2899 851 2958 est
864 2894 990 2961 Lucius
1003 2902 1039 2960 et
1052 2894 1213 2974 Lneinus,

120 2997 212 3062 unde
232 2995 325 3062 June
347 2994 489 3071 Lucina,
511 2991 562 3057 sie
576 3011 599 3056 e
618 3011 692 3070 res,
706 2992 813 3077 regius
828 3002 863 3058 et
876 2996 1015 3079 reginus.
1058 2993 1168 3060 litium
1192 3017 1215 3060 u

119 3106 239 3164 taurus
259 3095 344 3162 exiit
355 3104 492 3160 merens
506 3100 539 3159 et
552 3093 715 3158 murinus.
761 3092 851 3159 Nem
867 3099 901 3160 ut
914 3095 963 3161 eit
977 3092 1121 3170 Plinius,
1132 3092 1214 3156 reie-

119 3206 221 3264 rente
235 3196 348 3263 Servis
363 3199 398 3261 in
418 3196 497 3261 AEn.
523 3194 849 3260 rx.'‘derivetioues
867 3212 935 3258 non
957 3194 1080 3260 hubent
1101 3191 1214 3258 firmus

120 3297 274 3381 mulus,
284 3298 341 3363 sed
353 3288 477 3363 exeunt
490 3304 591 3381 prout
603 3296 795 3362 unctoribus
810 3292 941 3379 placet!
