2980 4916
372 450 423 496 na
449 449 569 497 asino
592 449 765 500 raossno
788 453 861 504 arn.
885 453 925 502 rr.
1133 441 1197 507 179

82 590 241 660 content
254 588 337 653 inter
350 607 402 667 sc,
416 591 517 670 atqua
529 588 672 670 imperia
686 595 858 674 servantes
872 593 1103 660 euutobviam.
1125 595 1195 660 Sed

87 695 227 777 Ajaces
238 690 305 754 dno
318 690 352 753 in
363 689 575 772 aliquantum
587 689 685 754 aeie⁶
700 693 880 774 progressi,
890 694 1011 776 primm
1023 694 1192 761 Thracum

86 794 261 859 invadunt
275 796 374 874 alque
389 792 594 874 opprimunt·
625 792 717 857 Dein
729 793 850 878 reliqui
867 794 984 872 ducas,
999 798 1189 881 utquisque

87 897 210 961 locum
225 900 369 976 ceperat,
383 880 514 958 cahere
529 893 682 975 singulos
693 915 704 973 ς
717 900 752 958 at
765 895 824 958 uhi
839 896 979 960 conferti
991 904 1003 944 ⁷
1018 903 1189 975 steterant,

89 996 170 1060 hini
183 1000 242 1060 ant
255 995 401 1076 amplius
412 996 616 1076 congregati,
629 996 757 1079 impetn
771 1016 836 1061 suo
851 996 1053 1062 dissolvere:
1065 1016 1194 1061 acmox

93 1098 279 1183 dispersos
291 1096 513 1179 palantesque
538 1095 732 1175 interficere,
757 1116 894 1179 prorsus
916 1099 965 1163 nti
990 1099 1102 1163 nullus
1121 1098 1194 1163 reli·

91 1218 180 1282 quus
195 1196 303 1262 caedis
317 1196 420 1261 lieret.
450 1194 505 1260 Ac
522 1197 637 1260 statim
649 1194 757 1275 Graii,
773 1199 1000 1283 extinctisqui
1016 1198 1191 1263 adversum

90 1300 212 1376 ierant,
226 1297 326 1380 signo
340 1295 420 1361 dato
445 1297 489 1361 ad
511 1298 657 1362 tentoria
682 1316 796 1362 eorum
817 1308 968 1381 pergunt
1012 1299 1061 1364 At
1075 1299 1123 1363 illi
1138 1298 1196 1380 qni

93 1399 258 1464 custodes
278 1397 399 1461 castris
423 1396 535 1461 relicti
561 1396 626 1460 soli
651 1399 873 1480 supererant,⁸
890 1400 972 1464 risis
986 1402 1102 1464 contra
1117 1399 1197 1465 hos·

93 1501 201 1575 tihns,
216 1510 336 1564 terrore
349 1499 426 1581 ipso
439 1495 668 1566 miserandum
691 1499 725 1562 in
748 1498 886 1563 modum
901 1499 1105 1579 elioeminati,
1121 1519 1196 1566 oms

91 1602 195 1667 nihns
211 1600 370 1664 amissis‘t
392 1598 437 1664 ad
460 1597 587 1663 moenia
609 1598 811 1681 confugiunt.
854 1599 942 1664 Tum
958 1602 1105 1685 undiquc
1120 1621 1192 1667 ver·

93 1722 153 1766 sus
165 1702 275 1765 noemi
290 1702 464 1776 irruentes,
474 1717 580 1776 arma,
595 1717 712 1782 equos,
727 1701 836 1783 regias
852 1720 947 1783 opes,
959 1709 995 1766 et
1005 1701 1049 1767 ad
1062 1708 1191 1787 postre-

92 1823 184 1867 mum
197 1802 249 1866 nti
259 1799 411 1883 quidque
427 1819 501 1864 sors
516 1798 667 1878 dederat,
676 1801 885 1883 praeripiunt.
914 1802 993 1881 [la]
1007 1802 1192 1869 Hocrnodo

91 1905 241 1968 victores
263 1900 362 1965 Graii
389 1899 506 1965 deletis
529 1919 606 1966 curn
632 1902 834 1985 imperatore
857 1901 1058 1981 Thracibus,
1082 1908 1193 1970 onusti

92 2002 214 2087 praeda
225 2009 328 2086 atque
341 2002 508 2073 victoria,r
529 2002 571 2067 ad
586 2022 688 2068 naves
703 2003 944 2087 digrediuntur:
967 2022 1044 2067 cnm
1064 2004 1194 2069 interim

92 2102 238 2186 Trojani
250 2103 407 2167 ex‘mnris
420 2109 646 2186 respectantes
661 2106 885 2189 nequicquam
901 2124 962 2189 pro
976 2105 1092 2182 sociis,
1104 2105 1191 2170 iutra

92 2204 224 2270 moenia
240 2211 372 2269 tamen·
393 2204 609 2287 trepidarent.
653 2204 761 2287 Igitur
774 2205 917 2284 barbari,
931 2211 984 2269 tot
993 2205 1064 2289 jam
1078 2204 1193 2270 adver·

95 2308 145 2370 sis
166 2306 272 2379 rehns
289 2305 401 2382 fracti,
423 2305 555 2387 legatos
578 2304 730 2373 inducias
755 2308 963 2391 postulantes
984 2306 1028 2369 ad
1050 2305 1191 2372 Graecos

92 2407 246 2470 mittunt.
290 2404 345 2469 Ae
369 2425 449 2469 mox
474 2407 599 2472 nostris
614 2407 840 2472 conditionem
857 2406 1131 2491 approbantibus,
1146 2407 1195 2471 in·

92 2505 260 2589 terposito
287 2505 451 2570 sacrificio
481 2492 583 2571 fidem
611 2500 704 2590 pacti
733 2508 917 2574 firmavere.
970 2507 1099 2572 Eodem
1125 2507 1195 2572 sere

91 2614 245 2690 tempore
273 2604 433 2690 Chryses,
463 2626 566 2689 quem
597 2609 807 2675 sacerdotem
840 2608 996 2674 Sminthii
1026 2608 1194 2692 Apollinis

91 2727 200 2790 snpra
223 2707 500 2785 memoravimus,
527 2708 571 2772 ad
603 2710 792 2775 exercitum
821 2710 914 2775 venit
939 2715 1046 2775 actum
1072 2710 1194 2792 gratias

92 2827 196 2891 super
208 2807 273 2880 his,
288 2826 367 2892 quar
389 2808 426 2870 in
453 2827 492 2872 se
515 2816 653 2892 recepta
667 2809 737 2874 iilia
750 2811 890 2894 henigne
905 2810 948 2873 ab
963 2810 1087 2875 nostris
1102 2816 1195 2894 gesta

91 2916 208 2972 crant:
228 2910 274 2972 ob
289 2927 368 2992 qnae
386 2915 457 2973 tam
471 2909 684 2988 honorifica,¹
708 2913 805 2981 simul
820 2909 911 2995 qnod
929 2910 1133 2994 Astynomen
1154 2909 1194 2973 li·

45 2998 49 3004 ’
92 3007 254 3073 beraliter
267 3007 443 3074 habitam¹
464 3016 677 3091 cognoverat,
698 3009 868 3076 reductam
889 3029 1001 3075 secum
1017 3006 1195 3090 Agamem·

91 3109 171 3174 noni
197 3109 312 3174 tradit.
357 3108 482 3195 Neque
502 3112 608 3176 multo
631 3118 714 3195 post
735 3112 935 3189 Philocteta,
960 3128 1035 3173 cum
1057 3106 1110 3171 his
1136 3105 1192 3187 qni

89 3434 152 3480 ute
161 3429 268 3491 prima
277 3429 396 3481 eirilmm
404 3447 414 3489 ‚-
423 3433 516 3483 omissa
525 3434 673 3495 vocularum
682 3439 742 3482 ante
751 3433 904 3495 sospem-ti
914 3424 1052 3478 omittitur
1062 3422 1088 3472 lu
1096 3418 1193 3484 Delph.

90 3509 145 3542 vox
165 3493 218 3541 πίε
237 3501 300 3542 ante
319 3497 491 3556 meam-⁷
509 3497 648 3549 omittitur
659 3510 762 3560 quoqne
774 3493 873 3553 conserti
884 3500 945 3540 ants
955 3493 1080 3550 meimet,
1090 3495 1118 3537 er
1133 3499 1193 3534 mox

85 3572 192 3620 amm
202 3564 266 3622 rost
276 3557 466 3623 tatamen-e
483 3561 812 3626 hermopoleos-1
825 3556 920 3621 nerpn.
931 3551 1065 3619 sanum.

591 3718 698 3771 ΝΟΜ

124 3811 391 3877 amaena]
406 3815 460 3865 Pro
471 3817 578 3867 relictis.
698 3823 707 3848 ⁸
724 3811 986 3874 lrtrnmoeaiolmm]
1012 3809 1192 3877 Nequiequam

128 3892 140 3917 ¹
157 3886 246 3934 Oresti
260 3890 342 3949 prada
352 3894 423 3952 atque
434 3890 546 3952 mamm]
570 3893 579 3921 ⁸
591 3891 628 3941 0·
667 3905 715 3957 pro
726 3891 801 3940 sociis
811 3888 984 3953 trepidarent,
990 3893 1018 3937 et
1027 3886 1142 3952 quamtis
1152 3900 1194 3934 es·

87 3969 192 4013 nnstus
201 3962 302 4023 prnda'
312 3965 447 4029 eleganter
456 3965 568 4029 dicitnr3
580 3966 627 4017 sed
667 3971 725 4014 reat
737 3966 805 4013 intra
816 3965 917 4013 moenis.

84 4043 224 4089 ‘onustus
232 4038 353 4089 rictoria'
364 4043 409 4091 rix
421 4040 484 4092 ferri
496 4057 571 4106 posse
582 4058 629 4108 pn·
698 4040 707 4072 ¹
722 4039 865 4089 Liberaliter
874 4028 990 4102 Minna]
1011 4037 1048 4086 Ut
1058 4035 1192 4087 liberalem

85 4124 127 4172 to.
148 4120 178 4162 et
198 4112 293 4162 vitiose
307 4114 407 4166 dietum
420 4116 543 4167 arbitror.
575 4117 628 4168 Sed
668 4113 805 4178 nympham
827 4108 958 4175 decebat3
981 4127 1031 4164 non
1053 4120 1139 4163 autern
1162 4115 1193 4158 ut

82 4190 123 4241 «le
135 4187 218 4238 hoelo
235 4189 329 4254 queudi
345 4205 444 4256 genere
461 4189 519 4242 iuss
529 4191 629 4242 dictum
668 4204 775 4241 serram.

83 4273 130 4316 est
143 4278 234 4330 snpra.
