3034 4928
411 402 501 452 LUD.
522 399 636 451 sulus
659 399 780 450 SURM
803 400 952 451 TROIOA·
1181 390 1225 456 67

505 583 555 649 11.
599 580 859 659 DIOMEDES.

528 718 607 783 Lis.
630 736 655 782 1.
676 717 767 784 Car.
789 719 843 785 12.

133 862 145 891 ‘
159 854 380 940 opportunus
388 853 486 917 iocus
495 852 539 916 ad
550 851 825 928 oonueuieudum,
836 852 914 918 etin
925 870 993 936 quo
1003 852 1044 918 de
1056 863 1221 938 apparatu

235 957 315 1020 beili
331 960 497 1037 ageretur,
511 951 594 1035 Argi
608 951 785 1017 Diomedis
799 970 936 1032 regnum
952 953 1124 1037 deligitur!

177 1074 395 1144 Drounnus,
409 1071 554 1148 AEtnlus,
568 1068 679 1154 Tydei
690 1088 732 1133 ex
749 1068 908 1154 Deiphila
926 1068 1054 1153 Argiua
1067 1072 1174 1155 iilius3
1188 1076 1222 1143 iu
1296 1102 1300 1109 ·

133 1175 386 1259 oppugnatione
397 1171 522 1256 Trujae,
537 1179 616 1255 post
628 1168 789 1235 Achillem
803 1178 837 1236 et
849 1171 988 1256 Ajacem
1004 1172 1224 1240 Salaminium

132 1275 351 1341 fortissimus.
395 1272 522 1361 Preter
534 1270 699 1355 Trojanos
711 1271 843 1336 nobiles
862 1291 982 1349 caesos,
995 1272 1096 1338 etiarn
1111 1275 1224 1340 aduer-

136 1395 195 1440 sus
218 1375 398 1441 Hectorem
423 1380 457 1437 et
472 1372 614 1437 AEneam
629 1372 830 1455 singularem
852 1374 926 1438 iniit
946 1394 1110 1459 pugnam
1135 1370 1224 1442 Marss

134 1484 205 1541 tem
227 1476 453 1559 Veneremque
476 1474 669 1553 sauciavit3
693 1472 878 1538 Palladium
902 1474 1061 1560 Trojunis
1087 1478 1222 1562 eripuit.

135 1578 282 1643 Domum
308 1595 462 1642 reuersus
489 1581 570 1658 post
589 1574 741 1639 excisum
764 1573 875 1651 Ilium,
889 1575 1057 1657 AEgialnm
1084 1596 1223 1643 uxorem

132 1678 276 1755 inuenit,
304 1676 473 1742 adulteriis
501 1680 537 1739 et
560 1673 758 1739 libidinibus
787 1674 977 1740 inuolutam.
1023 1675 1076 1743 Ita
1097 1697 1223 1743 exosus

129 1779 290 1863 patriam,
304 1776 530 1861 proficiscitur
540 1775 576 1840 in
589 1773 748 1858 Apuliam
762 1774 868 1839 Italiae
881 1778 1087 1858 regionem‚a
1100 1778 1223 1859 Dauno

131 1886 263 1962 purtem
279 1877 405 1961 ancipit
419 1877 512 1960 regni
527 1881 560 1942 et
575 1873 700 1941 ibidem
714 1873 961 1958 Argos'eondit.

179 1980 233 2044 De
247 1979 406 2064 singulari
420 1978 481 2042 illo
496 1977 629 2061 praelio,
651 1982 689 2042 ut
702 1983 736 2041 et
752 1976 794 2040 de
818 1976 895 2041 Diis
911 1977 1104 2059 vulneratis,
1117 1980 1225 2062 legen·

132 2078 201 2143 dus
215 2078 354 2143 Homer.
370 2096 407 2141 v.
419 2079 463 2143 Il.
477 2078 574 2161 Virg.
591 2095 646 2143 xr.
665 2078 740 2143 AEu.
754 2078 830 2142 277.

179 2178 235 2243 De
261 2179 431 2257 Palladio,
456 2179 655 2263 Procopius,
685 2179 727 2243 B.
754 2177 856 2244 Goth.
879 2193 903 2241 ι.
928 2179 982 2244 13.
1011 2168 1113 2243 Ov'id.
1139 2195 1224 2242 xrrr.

133 2278 273 2342 Metam
299 2278 379 2343 337.
424 2278 517 2360 Virg.
544 2294 602 2342 xr.
631 2278 709 2342 AEu.
730 2279 808 2342 lus.
837 2279 918 2361 quin
948 2288 989 2343 etx
1009 2278 1111 2342 Silius
1137 2293 1225 2342 xur.

137 2379 263 2442 Punic.
276 2380 331 2442 50.
346 2378 440 2461 cujus
453 2378 524 2444 hee
536 2381 656 2444 verba:

141 2508 146 2513 ·
224 2477 311 2542 Tum
325 2496 421 2542 meus
434 2476 590 2562 adjuncto
602 2481 818 2543 monstratam
834 2479 944 2542 evasit
958 2478 994 2542 in
1008 2499 1116 2545 arcem

223 2576 373 2662 Tydides
387 2577 517 2654 Ithaco,
530 2584 564 2642 et
575 2576 693 2643 dextra
708 2577 847 2642 molitus
862 2578 894 2640 in
910 2579 986 2662 ipso

219 2677 389 2745 Custodes
403 2677 496 2742 aditu
511 2679 640 2761 templi,
655 2678 795 2744 coeleste
809 2687 957 2762 reportat

219 2777 412 2843 Palladium
428 2797 471 2843 ao
481 2779 603 2841 nostris
618 2779 727 2861 aperit
741 2777 829 2843 mela
845 2778 1008 2863 Pergama
1017 2780 1108 2846 fatis.

181 2880 333 2965 Denique
346 2880 436 2945 etde
447 2878 522 2960 ejus
536 2878 631 2957 urbe,
647 2877 741 2961 Virg.
757 2894 814 2942 xr.
837 2878 913 2942 AEu.
928 2880 1004 2944 246.
1019 2886 1052 2945 et
1066 2881 1187 2947 Horat.
1199 2870 1223 2948 r.

130 2985 206 3051 Sat.
223 2982 329 3047 r.9‘2.

191 3085 298 3150 Hunc
326 3088 436 3148 autem
467 3080 667 3146 Diomedem
704 3080 868 3145 sedentem
900 3088 935 3145 et
960 3080 1077 3166 (sicuti
1105 3081 1225 3147 heroes

128 3186 252 3254 Graeei
265 3185 412 3268 pingunt.
456 3181 544 3246 Plin.
563 3181 609 3247 H.
622 3181 668 3246 N.
684 3197 830 3246 xxxiv.
841 3183 888 3255 ὁ.)
903 3182 1037 3258 nudum,
1054 3180 1226 3247 eGem'me

127 3289 279 3373 petitum
293 3283 435 3348 *exhibet
456 3282 620 3364 Begems,
642 3281 802 3348 Thesaur.
825 3279 992 3346 Braudeb.
1007 3297 1031 3342 1.
1052 3280 1107 3343 94.
1131 3286 1167 3343 et
1190 3278 1226 3342 in

129 3392 206 3453 ant.
219 3383 483 3467 beli‘l'rojanor.
499 3382 685 3448 Comment.
698 3382 752 3447 56.
768 3398 850 3444 mox
865 3385 898 3444 et
911 3378 970 3442 Er.
991 3377 1170 3461 Spanhem.
1192 3378 1225 3442 iu

130 3483 649 3553 audenuaucallimncham.
1171 3470 1174 3477 ’

501 3659 571 3725 111.
613 3654 865 3725 ACHILLES.

540 3777 621 3841 Ins.
636 3792 659 3841 r.
681 3774 770 3840 Gru.
784 3775 838 3840 14,

126 3891 254 3977 ‘Posi
276 3912 363 3975 quos
384 3890 549 3973 Achilles,
569 3890 668 3957 Pelei
691 3889 911 3997 “naim
925 3907 1000 3972 quoe
1017 3905 1062 3951 ex
1078 3868 1222 3951 Chirone

589 3988 781 4057 dicebatur.’

169 4090 394 4157 Pourssura
409 4090 614 4176 (Homerum
635 4088 736 4175 sileo)
750 4087 951 4154 carminibus
965 4082 1145 4151 admodum
1167 4087 1224 4148 de·

15 4272 16 4275 *
121 4196 291 4258 cantatus
306 4190 470 4269 Achilles,
484 4190 526 4254 de
539 4190 637 4272 cnjus
651 4191 795 4255 moribus
808 4188 883 4252 haee
898 4185 1018 4251 Horat.
1038 4183 1079 4248 Α.
1094 4184 1134 4247 Ρ.
1149 4185 1224 4247 120.
1353 4232 1359 4243 .
