3034 4928
298 362 343 427 bb
486 450 491 455 .
554 372 1127 425 rac.rrarzosrrn1ssuarerro

299 520 469 604 ‘quinque
490 518 643 583 inanmn
657 516 844 597 redegisse’
865 518 925 594 ait,
949 517 985 582 id
1009 538 1089 584 vero
1112 518 1197 583 teris
1219 538 1261 585 ac
1277 523 1390 587 tennis

300 628 353 686 est
370 620 610 702 discrepantias,
625 638 702 682 oum
716 618 894 683 facillimus
908 626 944 682 et
960 619 1177 684 creberrimus
1191 620 1226 684 in
1243 624 1390 687 numeris

300 720 507 786 librariorum
535 719 581 782 sit
598 720 737 803 lapsus:
758 726 797 783 ut
816 717 901 783 adeo
922 738 1060 801 prorsus
1079 726 1206 802 potem,
1222 720 1278 784 vel
1294 723 1390 805 apud

302 819 442 885 Soidam
461 819 635 900 legendm
648 816 726 895 δέκα,
741 821 793 883 vei
813 820 927 900 potius
941 814 1032 903 apud
1053 819 1264 903 Septimium,
1286 823 1392 886 ‘reei-

302 919 369 984 dua
383 916 546 1002 quatuor!

344 1037 409 1086 vu.
432 1019 589 1101 Denique
599 1018 699 1083 sicuti
714 1025 828 1084 noster
842 1021 966 1104 Dictys
977 1018 1091 1102 seipse
1103 1020 1152 1084 ait
1165 1037 1199 1109 y.
1217 1021 1269 1086 17.
1283 1022 1394 1106 scrip·

304 1120 389 1184 sisse
404 1120 470 1184 boc
493 1139 580 1202 opos
603 1120 727 1184 ‘literis
748 1121 889 1185 Punicis
904 1123 947 1185 ab
973 1118 1102 1185 Cadmo
1124 1121 1309 1204 Danaoque
1326 1128 1393 1186 tra·

303 1218 405 1296 dius:
425 1221 475 1285 sic
489 1227 526 1284 et
538 1220 680 1286 Graecus
695 1219 847 1303 Scriptor
868 1222 900 1284 in
924 1221 1171 1301 Proiegomenis
1186 1219 1395 1299 Rbetoriois,

305 1320 426 1384 citatos
441 1320 485 1384 ab
509 1318 633 1382 Atiatio
655 1318 697 1382 dc
722 1319 838 1384 Patria
852 1319 906 1382 59.
949 1318 1113 1401 ‘Dictys'
1138 1319 1309 1398 Graecum,
1330 1340 1394 1386 sco

305 1418 517 1495 ‘Gnossium
532 1420 687 1483 comitem
701 1417 895 1495 Idomenei,'
921 1419 1031 1497 tradit,
1045 1417 1219 1504 συγγράψαι
1241 1422 1289 1484 ris
1304 1429 1397 1508 rget·-

309 1519 356 1582 xir
369 1516 491 1600 πόλεμον
506 1517 641 1581 Φοινίκων
653 1517 834 1603 γραμμᾶσιν,
848 1515 1034 1597 οἶςἝλληνις
1047 1516 1114 1583 τότε
1127 1521 1181 1583 ἀπὸ
1198 1520 1315 1601 Κάδμου
1334 1546 1397 1602 pa·

306 1619 395 1693 tims
411 1621 546 1705 ὂχρῶπο,
568 1620 769 1702 ‘scripsisse
790 1620 972 1704 Trojannm
989 1620 1113 1685 bellurn
1132 1620 1240 1686 literis
1254 1622 1396 1687 Pboeni·

307 1739 396 1795 cum,
408 1721 530 1803 quibus
540 1719 652 1785 Graeci
664 1726 745 1785 tnnc
759 1739 781 1784 a
791 1718 922 1785 Gedrrm
936 1721 1089 1803 acceptis
1105 1718 1303 1786 urebmtur!
1344 1723 1398 1787 Do

307 1819 359 1883 bis
374 1819 477 1884 literis
493 1840 629 1903 agemus
642 1819 809 1904 deinceps,
817 1819 953 1904 quando
964 1820 1193 1903 probabimus,
1201 1822 1397 1905 nentiquam

307 1919 413 1985 fnisse
437 1932 605 1985 auctorem
630 1928 779 1984 nostrum
798 1920 952 2003 'l'rojanis
977 1921 1185 2003 temporibus
1213 1922 1397 2004 aequalem,

308 2020 398 2103 quod
419 2038 489 2102 prae
511 2040 549 2084 se
573 2021 648 2083 fert.
693 2018 794 2084 Nunc
817 2018 939 2084 sufficit
960 2027 1076 2084 nostro
1096 2020 1260 2098 instituto,
1282 2021 1399 2087 decla·

307 2143 400 2188 rasse
407 2125 507 2189 efiam
522 2125 637 2189 barum
649 2124 815 2188 literarum
827 2129 1029 2204 argumento,
1042 2122 1179 2206 Dictyn,
1189 2142 1258 2205 qno
1267 2121 1398 2202 Graeci,

309 2234 346 2288 et
359 2244 426 2307 qno
440 2225 622 2308 Septimius
636 2224 692 2289 bic
707 2229 761 2289 est
772 2223 979 2300 usus,foisee
990 2223 1145 2287 enodem.

352 2342 435 2389 viu.
457 2326 526 2389 Sed
540 2325 593 2389 vel
607 2325 752 2389 maxime
773 2323 809 2388 id
821 2324 926 2407 liquet
940 2342 986 2388 ex
1005 2322 1088 2388 Job.
1112 2322 1252 2401 Mutela,
1268 2324 1300 2387 si
1318 2343 1399 2390 cum

308 2430 423 2488 nostro
439 2424 627 2489 conferatur
640 2423 806 2505 Septimio
826 2424 863 2486 iu
883 2424 939 2499 iis,
955 2442 1031 2506 quse
1053 2442 1097 2487 ex
1120 2423 1244 2506 Dictye
1259 2443 1299 2489 se
1312 2423 1402 2490 bau·

311 2524 397 2589 sisse
410 2524 586 2607 profitetur.
629 2520 726 2587 Adeo
739 2523 826 2586 enim
840 2528 1027 2605 congruunt
1047 2522 1158 2599 isthic,
1180 2542 1248 2587 nou
1269 2523 1306 2587 in
1328 2525 1402 2590 bis-

311 2623 432 2687 toriam
454 2627 591 2701 tantum,
606 2623 667 2687 sed
686 2631 722 2688 et
741 2623 778 2686 in
799 2620 947 2688 ordinem
968 2643 1073 2688 rerum
1096 2641 1137 2688 so
1152 2624 1345 2702 verborum,
1361 2633 1403 2691 nt

311 2742 424 2789 omaus
439 2743 516 2789 esse
535 2723 656 2788 debeat
677 2731 738 2789 aut
758 2725 957 2803 obstinatus,
971 2727 1028 2808 qai
1047 2730 1159 2817 neget,
1174 2724 1270 2789 iilum
1294 2725 1402 2791 babu-

310 2824 381 2888 isse
407 2828 566 2903 nostrum,
596 2823 657 2889 sed
685 2824 842 2890 Graecum
869 2833 992 2904 nmen,
1015 2825 1138 2908 Dictyn
1164 2830 1245 2889 ante
1268 2826 1400 2890 oculos.

312 2925 504 3008 specimina
518 2924 672 3009 quaedam
685 2925 890 3009 proferemus
907 2946 999 3003 mox,
1014 2934 1051 2989 ot
1063 2925 1292 3004 ostendamus,
1314 2926 1403 3010 Sep·

311 3027 441 3090 timiam
456 3046 499 3090 cx
516 3026 637 3092 Graeco
651 3026 779 3108 Dictye
793 3027 881 3090 banc
895 3026 1115 3090 concinnasse
1127 3024 1336 3091 Versionem.

356 3142 412 3191 rx.
435 3122 544 3190 Multa
558 3134 670 3191 tamen
685 3134 720 3188 et
741 3126 809 3190 alis
830 3126 943 3203 babet,
958 3143 1034 3208 quse
1049 3125 1137 3206 apud
1155 3124 1318 3189 Nostrum
1334 3144 1402 3192 non

312 3235 515 3311 comparent,
528 3228 632 3292 multa
656 3226 758 3291 etiam
781 3226 886 3290 aliter.
930 3225 1059 3290 Prioris
1084 3226 1214 3306 genem
1230 3230 1308 3288 sunt
1322 3227 1403 3291 cba-

311 3335 459 3393 ractercs
482 3334 515 3392 et
535 3326 772 3409 descriptiones
803 3325 997 3391 Graecorum
1017 3320 1306 3407 Trojaaorumqne
1329 3325 1403 3390 Du·

217 3426 220 3435 '
312 3446 389 3491 cnm
404 3446 445 3490 ac
461 3427 701 3505 Matronianum,
716 3445 801 3509 quas
826 3423 985 3500 Malaios,
1009 3430 1043 3488 et
1064 3424 1184 3491 leacus
1208 3424 1404 3508 Porphyre-

313 3526 441 3606 genitus
462 3525 583 3606 pariter
597 3544 641 3588 ex
657 3525 780 3610 Dictys
795 3525 1006 3590 sumsissc'se
1019 3522 1165 3600 uadunt,
1186 3525 1268 3589 licet
1281 3527 1351 3608 ipsi
1369 3528 1403 3591 in

312 3623 424 3686 verbis
445 3622 588 3686 multum
613 3642 748 3707 quoqne
764 3627 852 3688 inter
871 3644 909 3689 se
932 3644 1023 3708 soepe
1045 3625 1182 3702 diversi,
1196 3633 1230 3690 et
1255 3644 1344 3709 quas
1369 3627 1403 3691 in

312 3730 430 3787 nostro
451 3722 571 3804 Dictye
584 3721 706 3785 frustm
720 3742 871 3805 quaereas
894 3744 964 3809 qno
979 3732 1172 3806 argumento
1186 3724 1210 3789 J
1211 3745 1298 3791 anius
1312 3725 1403 3797 lint-

314 3824 442 3905 gersins
456 3820 538 3886 Ver.
560 3822 656 3887 Lect
672 3840 706 3887 v.
728 3822 783 3888 20.
805 3825 864 3888 ubi
888 3826 981 3890 Isaci
1001 3825 1164 3908 Porphyr.
1180 3824 1404 3893 characteres

314 3942 359 3988 ex
373 3922 467 3987 Muto
489 3919 803 3989 Amsteleedamensi
818 3927 961 4004 exhibet,
974 3945 1050 3990 eum
1064 3932 1178 3991 censet
1193 3930 1204 3960 ‘
1216 3927 1403 4003 eutalium,

315 4043 416 4110 quarn
437 4043 499 4088 nos
522 4024 696 4104 habemus,
718 4026 875 4092 babuisse
898 4027 1048 4108 Dictym,
1071 4033 1131 4090 aut
1150 4027 1310 4091 memoria
1330 4028 1403 4112 lap·
