2980 4916
549 390 665 441 scene
690 393 840 445 recres.
1194 389 1238 454 91

124 548 294 604 suaserat
309 539 481 613 Laocoon,
498 538 624 606 Priami
646 546 733 623 regis
754 565 796 608 ex
811 545 958 612 Hecuba
971 548 1061 614 filins
1077 558 1112 614 et
1129 549 1239 635 Apol-

127 642 222 704 linis
243 640 431 724 Thymbroei
453 639 632 720 sacerdos3
653 642 852 727 hastamque
876 648 910 709 in
935 665 1011 710 eum
1036 649 1236 719 vibraverat.

132 741 273 806 Verum
284 761 349 824 qno
361 742 508 807 facinore
522 742 694 822 Minervae,
709 752 747 811 ut
762 748 837 831 ejus
852 745 933 811 doni
951 750 1101 829 violator,
1115 770 1237 833 provo·

132 844 238 907 cavit
251 844 350 919 iram3
373 862 450 926 quae
473 840 562 930 duos
584 843 756 943 immensae
778 847 1013 933 magnitudinis
1034 858 1237 933 serpentese

131 943 464 1021 fluctibneerocans,
480 943 718 1037 Aptiplrantem
729 955 761 1029 et
774 948 1023 1031 Thymbraeum,
1034 949 1237 1019 laocoontis

132 1044 243 1120 filine,
255 1064 337 1109 mox
351 1046 508 1126 etipsnm
528 1046 656 1135 auxilio
674 1046 962 1137 accurreptem,iis
976 1049 1120 1114 necavit
1142 1049 1238 1134 Virg.

134 1145 279 1209 11.AEn.
301 1145 379 1209 212.
402 1132 593 1219 Petronius,
619 1145 761 1230 Satyrio.
785 1147 845 1209 49:
863 1141 1010 1233 denique
1033 1147 1238 1232 Smyrnaeus,
1336 1210 1350 1237 ,

130 1245 170 1307 in
201 1246 322 1310 multis
348 1246 567 1328 discrepans3
589 1247 694 1312 veluti
714 1252 748 1311 et
778 1246 945 1331 Hyginus,
971 1248 1031 1331 qni
1052 1248 1128 1314 1:3⁵.
1155 1249 1238 1316 Fab.

133 1346 273 1410 mavult
297 1346 485 1428 Apollinem
516 1357 683 1429 serpentes
705 1367 725 1411 e
747 1350 830 1411 mari
852 1351 1082 1430 summisisse;
1118 1352 1239 1416 iratum

133 1465 278 1529 nempe,
292 1447 379 1528 qnod
403 1445 563 1510 Laocoon
583 1447 740 1511 sacerdos
758 1466 900 1513 uxorem
916 1449 1082 1528 duxisset,
1096 1451 1237 1517 liberos·

135 1566 209 1630 que
224 1566 269 1611 ex
285 1554 565 1630 eaprocrcasset.

183 1646 340 1733 Statuam
358 1645 445 1709 lranc
459 1645 629 1730 depictam
644 1647 762 1712 dedere
777 1649 944 1726 Pereriue,
959 1651 1123 1729 Daleuus,
1138 1652 1238 1737 Epie-

135 1748 278 1831 copiue,
293 1747 515 1824 Andsantins',
532 1755 567 1811 et
580 1755 656 1812 ante
677 1769 737 1813 eos
759 1748 864 1823 Marc.
886 1750 1081 1832 Ravemas,
1098 1754 1238 1820 Marlia·

135 1867 220 1924 uns,
247 1849 441 1932 plurimique
463 1847 557 1911 Itali.
602 1848 759 1913 Meminit
779 1850 855 1933 ejus
879 1851 952 1933 ipse
979 1851 1065 1917 Plin.
1089 1853 1136 1919 H.
1152 1853 1236 1919 Nat.

138 1966 287 2014 xxxvi.
302 1951 335 2013 5.
357 1948 561 2027 ‘quenum’
579 1950 698 2034 inquit,
722 1951 802 2034 ‘qui
817 1959 871 2017 ost
884 1953 919 2015 in
940 1952 1011 2018 Titi
1032 1956 1239 2037 imperatorie

141 2051 260 2127 domo,
273 2069 361 2133 opus
382 2051 539 2114 omnibus
559 2059 595 2116 et
615 2052 756 2134 picturae
783 2057 816 2116 et
838 2055 1009 2118 statuariae
1026 2055 1239 2138 artit'prtet'e-

141 2150 297 2215 rendum.
351 2150 404 2214 Ex
427 2171 493 2215 uno
514 2152 627 2235 lapide
648 2172 737 2230 enm,
765 2161 801 2216 et
824 2154 962 2232 liberos,
988 2154 1239 2239 draconumque

139 2251 320 2316 mirabiles
331 2271 449 2329 nexus,
460 2253 501 2317 de
512 2254 647 2317 consilii
658 2255 822 2320 sententia
835 2255 941 2318 iecere
956 2257 1076 2319 summi
1085 2256 1240 2333 artifices,

144 2352 356 2434 Agesander,
364 2360 399 2415 et
411 2352 609 2438 Polydorus,
618 2351 655 2419 et
671 2352 922 2432 Athenodorus,
935 2353 1084 2420 Rhodii!
1127 2353 1240 2434 Quare

48 2516 53 2523 .
146 2460 185 2518 et
198 2452 299 2517 hodie
310 2471 393 2530 eam,
403 2473 423 2517 e
435 2473 593 2520 marmore
608 2456 743 2539 quidem
755 2455 1006 2535 candidissimo,
1019 2456 1117 2521 anxie
1129 2461 1241 2521 serrat

141 2552 325 2619 Ponu‘ficis
340 2554 485 2619 Maximi
497 2553 701 2623 Vaticanum
715 2558 918 2623 viridarium.

187 2654 299 2721 Recte
313 2662 421 2721 autem
435 2657 583 2741 Begerne
592 2659 657 2724 hoc
668 2667 918 2724 monumentum
934 2659 1085 2724 Maronis
1098 2676 1239 2723 exorna·

138 2758 191 2822 rit
206 2757 364 2834 carmine,
389 2758 479 2842 qnod
501 2758 668 2825 funestum
691 2760 897 2827 Laocoontis
917 2781 1034 2827 casnm
1057 2762 1107 2826 sic
1122 2758 1239 2841 depin-

163 2861 215 2924 ‘tt

138 2881 173 2943 gl
720 2945 863 3029 Agmine
880 2953 971 3013 certe

229 3046 430 3129 Laocoonta
443 3051 573 3128 petunt,
585 3053 618 3112 et
630 3047 773 3130 primum
786 3067 893 3132 parra
906 3048 1044 3113 duorum

139 3172 145 3185 ·
232 3147 386 3230 Corpora
400 3158 553 3211 natorum
567 3166 704 3231 serpens
715 3150 890 3231 amplexus
902 3156 1041 3231 uterque

234 3249 405 3332 implicat,
419 3255 456 3311 et
468 3248 607 3311 miseros
622 3267 734 3315 morsu
747 3249 939 3332 depascitur
953 3254 1055 3311 artus.

233 3347 324 3411 Post
335 3349 445 3430 ipsun
460 3348 588 3413 auxilio
602 3349 801 3445 snbonqteru
822 3367 864 3412 ac
877 3347 946 3410 tela
958 3347 1118 3413 serentem

237 3446 437 3529 corripiunt,
451 3447 618 3530 spirisque
631 3450 737 3530 ligant
751 3446 964 3528 ingentibus:
986 3445 1099 3529 etjam

240 3546 309 3612 Bis
317 3546 457 3611 medinm
472 3548 629 3631 amplexi,
644 3550 698 3612 bis
713 3547 802 3611 collo
811 3562 970 3630 squamea
985 3546 1112 3614 circum

231 3647 343 3730 Terga
358 3647 438 3723 dati,
453 3656 608 3731 superant
623 3650 733 3732 capite
748 3653 781 3712 ct
795 3648 981 3713 cervicibus
995 3648 1083 3715 altis.

230 3748 299 3815 Ille
317 3747 420 3812 unul
435 3747 589 3811 manibus
604 3750 709 3815 tendit
722 3748 877 3814 divellere
889 3749 1011 3827 nodos,

230 3847 392 3913 Perfusus
407 3847 501 3910 sanie
515 3848 616 3912 vittas
629 3855 767 3931 auoque
781 3865 921 3912 veneno.
1036 3870 1060 3914 e

234 3946 407 4016 Clamores
423 3948 525 4012 simul
538 3946 718 4033 houepdos
733 3948 777 4015 ad
791 3932 1015 4049 siderentur(
