<?xml version="1.0" encoding="UTF-8"?>
<!DOCTYPE html PUBLIC "-//W3C//DTD XHTML 1.0 Transitional//EN"
    "http://www.w3.org/TR/xhtml1/DTD/xhtml1-transitional.dtd">
<html xmlns="http://www.w3.org/1999/xhtml" xml:lang="en" lang="en">
 <head>
  <title>
</title>
<meta http-equiv="Content-Type" content="text/html;charset=utf-8" />
  <meta name='ocr-system' content='tesseract 3.04.00' />
  <meta name='ocr-capabilities' content='ocr_page ocr_carea ocr_par ocr_line ocrx_word'/>
</head>
<body>
  <div class='ocr_page' id='page_1' title='image "./debellotrojano00josegoog_0017.png"; bbox 0 0 3034 4928; ppageno 0'>
   <div class='ocr_carea' id='block_1_1' title="bbox 282 381 973 444">
    <p class='ocr_par' dir='ltr' id='par_1_1' title="bbox 282 381 973 444">
     <span class='ocr_line' id='line_1_1' title="bbox 282 381 973 444; baseline -0.006 0"><span class='ocrx_word' id='word_1_1' title='bbox 282 381 305 444; x_wconf 79' lang='grc'><strong>6</strong></span> <span class='ocrx_word' id='word_1_2' title='bbox 688 394 739 442; x_wconf 76' lang='lat' dir='ltr'><strong>sn</strong></span> <span class='ocrx_word' id='word_1_3' title='bbox 765 393 973 442; x_wconf 78' lang='lat' dir='ltr'><strong>nscrunnrr.</strong></span> 
     </span>
    </p>
   </div>
   <div class='ocr_carea' id='block_1_2' title="bbox 218 533 1366 819">
    <p class='ocr_par' dir='ltr' id='par_1_2' title="bbox 218 533 1366 819">
     <span class='ocr_line' id='line_1_2' title="bbox 282 533 1366 621; baseline -0.004 -19"><span class='ocrx_word' id='word_1_4' title='bbox 282 539 402 621; x_wconf 78' lang='lat' dir='ltr'><strong>Dictys</strong></span> <span class='ocrx_word' id='word_1_5' title='bbox 418 554 497 601; x_wconf 84' lang='lat' dir='ltr'><strong>vero</strong></span> <span class='ocrx_word' id='word_1_6' title='bbox 509 533 706 599; x_wconf 87' lang='lat' dir='ltr'><strong>decennium</strong></span> <span class='ocrx_word' id='word_1_7' title='bbox 720 539 846 599; x_wconf 90' lang='lat' dir='ltr'><strong>tantum</strong></span> <span class='ocrx_word' id='word_1_8' title='bbox 863 535 969 615; x_wconf 92' lang='lat' dir='ltr'><strong>ponit,</strong></span> <span class='ocrx_word' id='word_1_9' title='bbox 986 552 1102 615; x_wconf 80' lang='lat' dir='ltr'>nempe</span> <span class='ocrx_word' id='word_1_10' title='bbox 1124 552 1240 598; x_wconf 86' lang='lat' dir='ltr'><strong>novem</strong></span> <span class='ocrx_word' id='word_1_11' title='bbox 1263 553 1366 619; x_wconf 87' lang='lat' dir='ltr'><strong>expe-</strong></span> 
     </span>
     <span class='ocr_line' id='line_1_3' title="bbox 218 632 1365 717; baseline -0.002 -16"><span class='ocrx_word' id='word_1_12' title='bbox 218 673 224 687; x_wconf 56' lang='grc' dir='ltr'><em>ι</em></span> <span class='ocrx_word' id='word_1_13' title='bbox 281 636 408 713; x_wconf 88' lang='lat' dir='ltr'><strong>ditioni,</strong></span> <span class='ocrx_word' id='word_1_14' title='bbox 422 634 584 701; x_wconf 87' lang='lat' dir='ltr'><strong>decimum</strong></span> <span class='ocrx_word' id='word_1_15' title='bbox 605 634 702 698; x_wconf 85' lang='lat' dir='ltr'><strong>bello.</strong></span> <span class='ocrx_word' id='word_1_16' title='bbox 754 633 904 716; x_wconf 67' lang='lat' dir='ltr'><strong>&#39;liagiois</strong></span> <span class='ocrx_word' id='word_1_17' title='bbox 917 634 1018 697; x_wconf 88' lang='lat' dir='ltr'><strong>etiam</strong></span> <span class='ocrx_word' id='word_1_18' title='bbox 1038 632 1215 717; x_wconf 87' lang='lat' dir='ltr'><strong>aliquando</strong></span> <span class='ocrx_word' id='word_1_19' title='bbox 1230 635 1365 712; x_wconf 80' lang='lat' dir='ltr'><strong>insistit,</strong></span> 
     </span>
     <span class='ocr_line' id='line_1_4' title="bbox 282 733 1366 819; baseline 0 -19"><span class='ocrx_word' id='word_1_20' title='bbox 282 754 421 819; x_wconf 85' lang='lat' dir='ltr'><strong>quorum</strong></span> <span class='ocrx_word' id='word_1_21' title='bbox 436 737 583 800; x_wconf 90' lang='lat' dir='ltr'><strong>omnium</strong></span> <span class='ocrx_word' id='word_1_22' title='bbox 597 734 793 799; x_wconf 80' lang='lat' dir='ltr'><strong>illustriores</strong></span> <span class='ocrx_word' id='word_1_23' title='bbox 807 733 938 798; x_wconf 82' lang='lat' dir='ltr'><strong>fabulas</strong></span> <span class='ocrx_word' id='word_1_24' title='bbox 953 733 1095 816; x_wconf 88' lang='lat' dir='ltr'><strong>attingit,</strong></span> <span class='ocrx_word' id='word_1_25' title='bbox 1107 753 1173 798; x_wconf 88' lang='lat' dir='ltr'><strong>ase</strong></span> <span class='ocrx_word' id='word_1_26' title='bbox 1187 735 1366 817; x_wconf 89' lang='lat' dir='ltr'><strong>interpola·</strong></span> 
     </span>
    </p>
   </div>
   <div class='ocr_carea' id='block_1_3' title="bbox 171 832 1367 920">
    <p class='ocr_par' dir='ltr' id='par_1_3' title="bbox 171 832 1367 920">
     <span class='ocr_line' id='line_1_5' title="bbox 171 832 1367 920; baseline -0.001 -20"><span class='ocrx_word' id='word_1_27' title='bbox 171 868 177 877; x_wconf 95' lang='lat'><strong>·</strong></span> <span class='ocrx_word' id='word_1_28' title='bbox 281 846 337 900; x_wconf 90' lang='lat' dir='ltr'><strong>tas</strong></span> <span class='ocrx_word' id='word_1_29' title='bbox 351 837 544 920; x_wconf 88' lang='lat' dir='ltr'><strong>plerumque</strong></span> <span class='ocrx_word' id='word_1_30' title='bbox 559 843 594 900; x_wconf 89' lang='lat' dir='ltr'><strong>et</strong></span> <span class='ocrx_word' id='word_1_31' title='bbox 608 835 789 918; x_wconf 84' lang='lat' dir='ltr'><strong>expolitas.</strong></span> <span class='ocrx_word' id='word_1_32' title='bbox 820 832 962 909; x_wconf 72' lang='lat' dir='ltr'><strong>‚Graves</strong></span> <span class='ocrx_word' id='word_1_33' title='bbox 983 833 1162 898; x_wconf 79' lang='lat' dir='ltr'><strong>conciones</strong></span> <span class='ocrx_word' id='word_1_34' title='bbox 1176 834 1316 911; x_wconf 81' lang='lat' dir='ltr'><strong>eddidit,</strong></span> <span class='ocrx_word' id='word_1_35' title='bbox 1330 843 1367 900; x_wconf 92' lang='lat' dir='ltr'><strong>et</strong></span> 
     </span>
    </p>
   </div>
   <div class='ocr_carea' id='block_1_4' title="bbox 225 932 1454 4024">
    <p class='ocr_par' dir='ltr' id='par_1_4' title="bbox 225 932 1454 4024">
     <span class='ocr_line' id='line_1_6' title="bbox 281 932 1366 1017; baseline -0.002 -16"><span class='ocrx_word' id='word_1_36' title='bbox 281 938 350 1002; x_wconf 83' lang='lat' dir='ltr'><strong>alia</strong></span> <span class='ocrx_word' id='word_1_37' title='bbox 374 937 520 1002; x_wconf 72' lang='lat' dir='ltr'><strong>historiae</strong></span> <span class='ocrx_word' id='word_1_38' title='bbox 542 940 735 1005; x_wconf 70' lang='lat' dir='ltr'><strong>momenta</strong></span> <span class='ocrx_word' id='word_1_39' title='bbox 758 932 976 998; x_wconf 76' lang='lat' dir='ltr'><strong>lucidissima</strong></span> <span class='ocrx_word' id='word_1_40' title='bbox 1020 932 1103 1017; x_wconf 83' lang='lat' dir='ltr'><strong>Ejus</strong></span> <span class='ocrx_word' id='word_1_41' title='bbox 1114 933 1262 999; x_wconf 88' lang='lat' dir='ltr'><strong>elocutio</strong></span> <span class='ocrx_word' id='word_1_42' title='bbox 1276 933 1366 999; x_wconf 90' lang='lat' dir='ltr'><strong>lutu-</strong></span> 
     </span>
     <span class='ocr_line' id='line_1_7' title="bbox 278 1033 1364 1119; baseline -0.003 -18"><span class='ocrx_word' id='word_1_43' title='bbox 278 1038 369 1101; x_wconf 91' lang='lat' dir='ltr'><strong>lenta</strong></span> <span class='ocrx_word' id='word_1_44' title='bbox 393 1036 597 1119; x_wconf 87' lang='lat' dir='ltr'><strong>plerumque,</strong></span> <span class='ocrx_word' id='word_1_45' title='bbox 624 1041 662 1098; x_wconf 93' lang='lat' dir='ltr'><strong>ut</strong></span> <span class='ocrx_word' id='word_1_46' title='bbox 687 1033 761 1116; x_wconf 85' lang='lat' dir='ltr'><strong>ejus</strong></span> <span class='ocrx_word' id='word_1_47' title='bbox 785 1033 900 1097; x_wconf 86' lang='lat' dir='ltr'><strong>saeculi</strong></span> <span class='ocrx_word' id='word_1_48' title='bbox 924 1052 992 1116; x_wconf 92' lang='lat' dir='ltr'><strong>quo</strong></span> <span class='ocrx_word' id='word_1_49' title='bbox 1023 1034 1169 1116; x_wconf 84' lang='lat' dir='ltr'><strong>scripsit,</strong></span> <span class='ocrx_word' id='word_1_50' title='bbox 1194 1033 1252 1098; x_wconf 90' lang='lat' dir='ltr'><strong>sed</strong></span> <span class='ocrx_word' id='word_1_51' title='bbox 1278 1034 1364 1099; x_wconf 92' lang='lat' dir='ltr'><strong>unde</strong></span> 
     </span>
     <span class='ocr_line' id='line_1_8' title="bbox 279 1128 1416 1219; baseline -0.002 -20"><span class='ocrx_word' id='word_1_52' title='bbox 279 1145 391 1200; x_wconf 89' lang='lat' dir='ltr'><strong>tamen</strong></span> <span class='ocrx_word' id='word_1_53' title='bbox 403 1135 528 1219; x_wconf 75' lang='lat' dir='ltr'><strong>aliquid</strong></span> <span class='ocrx_word' id='word_1_54' title='bbox 541 1134 651 1212; x_wconf 90' lang='lat' dir='ltr'><strong>tollas,</strong></span> <span class='ocrx_word' id='word_1_55' title='bbox 665 1136 788 1217; x_wconf 86' lang='lat' dir='ltr'><strong>quippo</strong></span> <span class='ocrx_word' id='word_1_56' title='bbox 804 1153 881 1216; x_wconf 84' lang='lat' dir='ltr'><strong>quae</strong></span> <span class='ocrx_word' id='word_1_57' title='bbox 896 1133 1151 1216; x_wconf 81' lang='lat' dir='ltr'><strong>elegantissimis</strong></span> <span class='ocrx_word' id='word_1_58' title='bbox 1165 1135 1363 1218; x_wconf 91' lang='lat' dir='ltr'><strong>optimorum</strong></span> <span class='ocrx_word' id='word_1_59' title='bbox 1411 1128 1416 1137; x_wconf 61' lang='lat'><strong>⁴</strong></span> 
     </span>
     <span class='ocr_line' id='line_1_9' title="bbox 280 1231 1364 1320; baseline -0.002 -20"><span class='ocrx_word' id='word_1_60' title='bbox 280 1236 479 1320; x_wconf 82' lang='lat' dir='ltr'><strong>scriptorum</strong></span> <span class='ocrx_word' id='word_1_61' title='bbox 512 1234 661 1300; x_wconf 87' lang='lat' dir='ltr'><strong>flosculis</strong></span> <span class='ocrx_word' id='word_1_62' title='bbox 690 1233 850 1297; x_wconf 85' lang='lat' dir='ltr'><strong>distincta</strong></span> <span class='ocrx_word' id='word_1_63' title='bbox 888 1233 941 1296; x_wconf 89' lang='lat' dir='ltr'><strong>sit.</strong></span> <span class='ocrx_word' id='word_1_64' title='bbox 1000 1232 1085 1297; x_wconf 87' lang='lat' dir='ltr'><strong>Post</strong></span> <span class='ocrx_word' id='word_1_65' title='bbox 1113 1231 1364 1298; x_wconf 86' lang='lat' dir='ltr'><strong>Constantinum</strong></span> 
     </span>
     <span class='ocr_line' id='line_1_10' title="bbox 281 1331 1364 1418; baseline -0.003 -17"><span class='ocrx_word' id='word_1_66' title='bbox 281 1336 440 1418; x_wconf 87' lang='lat' dir='ltr'><strong>Magnum</strong></span> <span class='ocrx_word' id='word_1_67' title='bbox 456 1335 633 1418; x_wconf 82' lang='lat' dir='ltr'><strong>scripsisse</strong></span> <span class='ocrx_word' id='word_1_68' title='bbox 650 1339 749 1416; x_wconf 90' lang='lat' dir='ltr'><strong>putat</strong></span> <span class='ocrx_word' id='word_1_69' title='bbox 763 1331 923 1409; x_wconf 87' lang='lat' dir='ltr'><strong>Vossius,</strong></span> <span class='ocrx_word' id='word_1_70' title='bbox 939 1340 976 1396; x_wconf 90' lang='lat' dir='ltr'><strong>at</strong></span> <span class='ocrx_word' id='word_1_71' title='bbox 994 1332 1016 1397; x_wconf 86' lang='lat' dir='ltr'>J</span> <span class='ocrx_word' id='word_1_72' title='bbox 1019 1352 1069 1397; x_wconf 87' lang='lat' dir='ltr'><strong>os.</strong></span> <span class='ocrx_word' id='word_1_73' title='bbox 1085 1332 1256 1398; x_wconf 89' lang='lat' dir='ltr'><strong>Meroerus</strong></span> <span class='ocrx_word' id='word_1_74' title='bbox 1279 1333 1364 1398; x_wconf 85' lang='lat' dir='ltr'><strong>veri·</strong></span> 
     </span>
     <span class='ocr_line' id='line_1_11' title="bbox 281 1431 1362 1521; baseline -0.004 -20"><span class='ocrx_word' id='word_1_75' title='bbox 281 1438 423 1502; x_wconf 87' lang='lat' dir='ltr'><strong>similius</strong></span> <span class='ocrx_word' id='word_1_76' title='bbox 435 1438 543 1521; x_wconf 86' lang='lat' dir='ltr'><strong>ipsius</strong></span> <span class='ocrx_word' id='word_1_77' title='bbox 552 1434 763 1500; x_wconf 78' lang='lat' dir='ltr'><strong>Constantini</strong></span> <span class='ocrx_word' id='word_1_78' title='bbox 778 1439 889 1510; x_wconf 88' lang='lat' dir='ltr'><strong>aetate,</strong></span> <span class='ocrx_word' id='word_1_79' title='bbox 899 1453 943 1503; x_wconf 84' lang='lat' dir='ltr'><strong>ex</strong></span> <span class='ocrx_word' id='word_1_80' title='bbox 958 1431 1204 1517; x_wconf 82' lang='lat' dir='ltr'><strong>Epistolaquae</strong></span> <span class='ocrx_word' id='word_1_81' title='bbox 1216 1431 1362 1512; x_wconf 65' lang='lat' dir='ltr'><strong>Arcadio</strong></span> 
     </span>
     <span class='ocr_line' id='line_1_12' title="bbox 280 1531 1362 1616; baseline -0.005 -13"><span class='ocrx_word' id='word_1_82' title='bbox 280 1537 420 1603; x_wconf 88' lang='lat' dir='ltr'><strong>Consnli</strong></span> <span class='ocrx_word' id='word_1_83' title='bbox 433 1536 545 1601; x_wconf 90' lang='lat' dir='ltr'><strong>dicata</strong></span> <span class='ocrx_word' id='word_1_84' title='bbox 558 1533 669 1599; x_wconf 85' lang='lat' dir='ltr'><strong>libello</strong></span> <span class='ocrx_word' id='word_1_85' title='bbox 679 1534 902 1616; x_wconf 63' lang='lat' dir='ltr'><strong>praepositum</strong></span> <span class='ocrx_word' id='word_1_86' title='bbox 917 1552 992 1596; x_wconf 90' lang='lat' dir='ltr'><strong>eum</strong></span> <span class='ocrx_word' id='word_1_87' title='bbox 1003 1533 1089 1597; x_wconf 89' lang='lat' dir='ltr'><strong>enim</strong></span> <span class='ocrx_word' id='word_1_88' title='bbox 1100 1531 1282 1597; x_wconf 85' lang='lat' dir='ltr'><strong>Arcadium</strong></span> <span class='ocrx_word' id='word_1_89' title='bbox 1297 1536 1362 1598; x_wconf 84' lang='lat' dir='ltr'><strong>sub</strong></span> 
     </span>
     <span class='ocr_line' id='line_1_13' title="bbox 280 1634 1369 1723; baseline -0.005 -20"><span class='ocrx_word' id='word_1_90' title='bbox 280 1640 358 1723; x_wconf 88' lang='lat' dir='ltr'><strong>ipso</strong></span> <span class='ocrx_word' id='word_1_91' title='bbox 370 1636 586 1703; x_wconf 77' lang='lat' dir='ltr'><strong>Constantini</strong></span> <span class='ocrx_word' id='word_1_92' title='bbox 599 1634 714 1717; x_wconf 86' lang='lat' dir='ltr'><strong>Magni</strong></span> <span class='ocrx_word' id='word_1_93' title='bbox 723 1635 861 1717; x_wconf 92' lang='lat' dir='ltr'><strong>imperio</strong></span> <span class='ocrx_word' id='word_1_94' title='bbox 872 1635 1085 1699; x_wconf 88' lang='lat' dir='ltr'><strong>consulatum</strong></span> <span class='ocrx_word' id='word_1_95' title='bbox 1094 1634 1239 1716; x_wconf 78' lang='lat' dir='ltr'><strong>gessisse</strong></span> <span class='ocrx_word' id='word_1_96' title='bbox 1248 1642 1369 1723; x_wconf 30' lang='lat' dir='ltr'><strong>uotum·</strong></span> 
     </span>
     <span class='ocr_line' id='line_1_14' title="bbox 279 1729 1372 1822; baseline -0.004 -20"><span class='ocrx_word' id='word_1_97' title='bbox 279 1747 344 1803; x_wconf 87' lang='lat' dir='ltr'><strong>est.</strong></span> <span class='ocrx_word' id='word_1_98' title='bbox 387 1737 510 1821; x_wconf 86' lang='lat' dir='ltr'><strong>Dictys</strong></span> <span class='ocrx_word' id='word_1_99' title='bbox 526 1736 694 1802; x_wconf 83' lang='lat' dir='ltr'><strong>Cretensis</strong></span> <span class='ocrx_word' id='word_1_100' title='bbox 718 1754 837 1799; x_wconf 91' lang='lat' dir='ltr'><strong>nomen</strong></span> <span class='ocrx_word' id='word_1_101' title='bbox 862 1736 993 1812; x_wconf 86' lang='lat' dir='ltr'><strong>ascivit,</strong></span> <span class='ocrx_word' id='word_1_102' title='bbox 1007 1729 1087 1820; x_wconf 85' lang='lat' dir='ltr'><strong>quia</strong></span> <span class='ocrx_word' id='word_1_103' title='bbox 1111 1741 1247 1800; x_wconf 83' lang='lat' dir='ltr'><strong>noverat</strong></span> <span class='ocrx_word' id='word_1_104' title='bbox 1261 1736 1372 1822; x_wconf 35' lang='lat' dir='ltr'><strong>luisse·</strong></span> 
     </span>
     <span class='ocr_line' id='line_1_15' title="bbox 279 1835 1361 1922; baseline -0.002 -19"><span class='ocrx_word' id='word_1_105' title='bbox 279 1839 359 1903; x_wconf 89' lang='lat' dir='ltr'><strong>olim</strong></span> <span class='ocrx_word' id='word_1_106' title='bbox 379 1839 509 1922; x_wconf 83' lang='lat' dir='ltr'><strong>Dictym</strong></span> <span class='ocrx_word' id='word_1_107' title='bbox 524 1835 725 1913; x_wconf 85' lang='lat' dir='ltr'><strong>Cretensem,</strong></span> <span class='ocrx_word' id='word_1_108' title='bbox 742 1835 911 1901; x_wconf 84' lang='lat' dir='ltr'><strong>Idomenei</strong></span> <span class='ocrx_word' id='word_1_109' title='bbox 926 1837 1093 1913; x_wconf 87' lang='lat' dir='ltr'><strong>comitem,</strong></span> <span class='ocrx_word' id='word_1_110' title='bbox 1105 1855 1243 1920; x_wconf 81' lang='lat' dir='ltr'><strong>eumque</strong></span> <span class='ocrx_word' id='word_1_111' title='bbox 1258 1835 1361 1901; x_wconf 85' lang='lat' dir='ltr'><strong>literis</strong></span> 
     </span>
     <span class='ocr_line' id='line_1_16' title="bbox 225 1923 1360 2021; baseline -0.001 -19"><span class='ocrx_word' id='word_1_112' title='bbox 225 1944 231 1956; x_wconf 86' lang='lat'>&#39;</span> <span class='ocrx_word' id='word_1_113' title='bbox 278 1938 454 2003; x_wconf 81' lang='lat' dir='ltr'><strong>mandasse</strong></span> <span class='ocrx_word' id='word_1_114' title='bbox 469 1957 547 2021; x_wconf 79' lang='lat' dir='ltr'><strong>quaa</strong></span> <span class='ocrx_word' id='word_1_115' title='bbox 559 1944 594 2001; x_wconf 89' lang='lat' dir='ltr'><strong>et</strong></span> <span class='ocrx_word' id='word_1_116' title='bbox 607 1938 681 2020; x_wconf 90' lang='lat' dir='ltr'><strong>ipse</strong></span> <span class='ocrx_word' id='word_1_117' title='bbox 695 1936 836 2014; x_wconf 83' lang='lat' dir='ltr'><strong>viderat,</strong></span> <span class='ocrx_word' id='word_1_118' title='bbox 858 1945 894 2002; x_wconf 92' lang='lat' dir='ltr'><strong>et</strong></span> <span class='ocrx_word' id='word_1_119' title='bbox 913 1923 1052 2021; x_wconf 84' lang='lat' dir='ltr'><strong>quornm</strong></span> <span class='ocrx_word' id='word_1_120' title='bbox 1067 1938 1167 2001; x_wconf 89' lang='lat' dir='ltr'><strong>etiam</strong></span> <span class='ocrx_word' id='word_1_121' title='bbox 1193 1957 1271 2020; x_wconf 88' lang='lat' dir='ltr'><strong>pars</strong></span> <span class='ocrx_word' id='word_1_122' title='bbox 1291 1937 1360 2001; x_wconf 81' lang='lat' dir='ltr'><strong>lue·</strong></span> 
     </span>
     <span class='ocr_line' id='line_1_17' title="bbox 277 2036 1360 2120; baseline 0 -18"><span class='ocrx_word' id='word_1_123' title='bbox 277 2046 338 2102; x_wconf 87' lang='lat' dir='ltr'><strong>rat.</strong></span> <span class='ocrx_word' id='word_1_124' title='bbox 383 2036 496 2119; x_wconf 86' lang='lat' dir='ltr'><strong>Hujus</strong></span> <span class='ocrx_word' id='word_1_125' title='bbox 525 2057 645 2102; x_wconf 90' lang='lat' dir='ltr'><strong>nomen</strong></span> <span class='ocrx_word' id='word_1_126' title='bbox 671 2040 828 2102; x_wconf 90' lang='lat' dir='ltr'><strong>mentitus</strong></span> <span class='ocrx_word' id='word_1_127' title='bbox 848 2044 899 2103; x_wconf 90' lang='lat' dir='ltr'><strong>est</strong></span> <span class='ocrx_word' id='word_1_128' title='bbox 923 2041 1000 2107; x_wconf 86' lang='lat' dir='ltr'><strong>item</strong></span> <span class='ocrx_word' id='word_1_129' title='bbox 1025 2037 1111 2102; x_wconf 88' lang='lat' dir='ltr'><strong>alius</strong></span> <span class='ocrx_word' id='word_1_130' title='bbox 1135 2038 1277 2119; x_wconf 87' lang='lat' dir='ltr'><strong>scriptor</strong></span> <span class='ocrx_word' id='word_1_131' title='bbox 1301 2039 1360 2120; x_wconf 85' lang='lat' dir='ltr'><strong>qui</strong></span> 
     </span>
     <span class='ocr_line' id='line_1_18' title="bbox 279 2137 1361 2232; baseline 0 -31"><span class='ocrx_word' id='word_1_132' title='bbox 279 2137 416 2201; x_wconf 86' lang='lat' dir='ltr'><strong>eandem</strong></span> <span class='ocrx_word' id='word_1_133' title='bbox 442 2137 614 2201; x_wconf 80' lang='lat' dir='ltr'><strong>historiam</strong></span> <span class='ocrx_word' id='word_1_134' title='bbox 639 2137 758 2203; x_wconf 81' lang='lat' dir='ltr'><strong>Graece</strong></span> <span class='ocrx_word' id='word_1_135' title='bbox 780 2140 900 2214; x_wconf 84' lang='lat' dir='ltr'><strong>texuit,</strong></span> <span class='ocrx_word' id='word_1_136' title='bbox 920 2144 958 2202; x_wconf 91' lang='lat' dir='ltr'><strong>ut</strong></span> <span class='ocrx_word' id='word_1_137' title='bbox 984 2145 1037 2201; x_wconf 87' lang='lat' dir='ltr'><strong>est</strong></span> <span class='ocrx_word' id='word_1_138' title='bbox 1054 2138 1143 2232; x_wconf 76' lang='lat' dir='ltr'><strong>apud</strong></span> <span class='ocrx_word' id='word_1_139' title='bbox 1167 2137 1307 2203; x_wconf 89' lang='lat' dir='ltr'><strong>Suidam</strong></span> <span class='ocrx_word' id='word_1_140' title='bbox 1326 2145 1361 2202; x_wconf 90' lang='lat' dir='ltr'><strong>et</strong></span> 
     </span>
     <span class='ocr_line' id='line_1_19' title="bbox 276 2235 1359 2320; baseline -0.002 -18"><span class='ocrx_word' id='word_1_141' title='bbox 276 2238 444 2302; x_wconf 74' lang='lat' dir='ltr'><strong>Taetrum.</strong></span> <span class='ocrx_word' id='word_1_142' title='bbox 487 2238 540 2302; x_wconf 89' lang='lat' dir='ltr'><strong>De</strong></span> <span class='ocrx_word' id='word_1_143' title='bbox 566 2257 645 2302; x_wconf 79' lang='lat' dir='ltr'><strong>vero</strong></span> <span class='ocrx_word' id='word_1_144' title='bbox 669 2237 772 2320; x_wconf 88' lang='lat' dir='ltr'><strong>Dioty</strong></span> <span class='ocrx_word' id='word_1_145' title='bbox 795 2237 869 2302; x_wconf 83' lang='lat' dir='ltr'><strong>ride</strong></span> <span class='ocrx_word' id='word_1_146' title='bbox 895 2256 972 2319; x_wconf 88' lang='lat' dir='ltr'><strong>quae</strong></span> <span class='ocrx_word' id='word_1_147' title='bbox 1000 2236 1086 2300; x_wconf 83' lang='lat' dir='ltr'><strong>inira</strong></span> <span class='ocrx_word' id='word_1_148' title='bbox 1109 2256 1153 2313; x_wconf 83' lang='lat' dir='ltr'><strong>ex</strong></span> <span class='ocrx_word' id='word_1_149' title='bbox 1167 2235 1294 2302; x_wconf 89' lang='lat' dir='ltr'><strong>Vossio</strong></span> <span class='ocrx_word' id='word_1_150' title='bbox 1316 2236 1359 2300; x_wconf 89' lang='lat' dir='ltr'><strong>de</strong></span> 
     </span>
     <span class='ocr_line' id='line_1_20' title="bbox 276 2336 1359 2403; baseline 0 -2"><span class='ocrx_word' id='word_1_151' title='bbox 276 2338 447 2403; x_wconf 88' lang='lat' dir='ltr'><strong>historicis</strong></span> <span class='ocrx_word' id='word_1_152' title='bbox 464 2336 604 2402; x_wconf 84' lang='lat' dir='ltr'><strong>Graecis.</strong></span> <span class='ocrx_word' id='word_1_153' title='bbox 648 2338 701 2402; x_wconf 88' lang='lat' dir='ltr'><strong>Ile</strong></span> <span class='ocrx_word' id='word_1_154' title='bbox 714 2357 789 2402; x_wconf 90' lang='lat' dir='ltr'><strong>meo</strong></span> <span class='ocrx_word' id='word_1_155' title='bbox 813 2344 924 2403; x_wconf 89' lang='lat' dir='ltr'><strong>autem</strong></span> <span class='ocrx_word' id='word_1_156' title='bbox 946 2338 1052 2402; x_wconf 84' lang='lat' dir='ltr'><strong>hocce</strong></span> <span class='ocrx_word' id='word_1_157' title='bbox 1070 2338 1183 2402; x_wconf 90' lang='lat' dir='ltr'><strong>labore</strong></span> <span class='ocrx_word' id='word_1_158' title='bbox 1205 2337 1287 2401; x_wconf 88' lang='lat' dir='ltr'><strong>nihil</strong></span> <span class='ocrx_word' id='word_1_159' title='bbox 1306 2345 1359 2401; x_wconf 90' lang='lat' dir='ltr'><strong>est</strong></span> 
     </span>
     <span class='ocr_line' id='line_1_21' title="bbox 277 2436 1358 2523; baseline 0 -22"><span class='ocrx_word' id='word_1_160' title='bbox 277 2438 368 2520; x_wconf 90' lang='lat' dir='ltr'><strong>quod</strong></span> <span class='ocrx_word' id='word_1_161' title='bbox 383 2436 472 2520; x_wconf 88' lang='lat' dir='ltr'><strong>apud</strong></span> <span class='ocrx_word' id='word_1_162' title='bbox 495 2444 528 2500; x_wconf 91' lang='lat' dir='ltr'><strong>te</strong></span> <span class='ocrx_word' id='word_1_163' title='bbox 553 2454 661 2523; x_wconf 56' lang='lat' dir='ltr'><strong>aaut,</strong></span> <span class='ocrx_word' id='word_1_164' title='bbox 672 2436 803 2513; x_wconf 87' lang='lat' dir='ltr'><strong>Lector,</strong></span> <span class='ocrx_word' id='word_1_165' title='bbox 818 2456 893 2501; x_wconf 88' lang='lat' dir='ltr'><strong>curn</strong></span> <span class='ocrx_word' id='word_1_166' title='bbox 913 2437 955 2501; x_wconf 90' lang='lat' dir='ltr'><strong>de</strong></span> <span class='ocrx_word' id='word_1_167' title='bbox 978 2442 1049 2501; x_wconf 90' lang='lat' dir='ltr'><strong>tota</strong></span> <span class='ocrx_word' id='word_1_168' title='bbox 1071 2437 1175 2502; x_wconf 86' lang='lat' dir='ltr'><strong>hacce</strong></span> <span class='ocrx_word' id='word_1_169' title='bbox 1190 2456 1358 2502; x_wconf 88' lang='lat' dir='ltr'><strong>commen·</strong></span> 
     </span>
     <span class='ocr_line' id='line_1_22' title="bbox 277 2535 1359 2619; baseline 0 -17"><span class='ocrx_word' id='word_1_170' title='bbox 277 2537 368 2602; x_wconf 74' lang='lat' dir='ltr'><strong>anui</strong></span> <span class='ocrx_word' id='word_1_171' title='bbox 383 2537 512 2601; x_wconf 86' lang='lat' dir='ltr'><strong>ratione</strong></span> <span class='ocrx_word' id='word_1_172' title='bbox 526 2536 599 2619; x_wconf 89' lang='lat' dir='ltr'><strong>jam</strong></span> <span class='ocrx_word' id='word_1_173' title='bbox 613 2535 741 2599; x_wconf 86' lang='lat' dir='ltr'><strong>abunde</strong></span> <span class='ocrx_word' id='word_1_174' title='bbox 755 2537 874 2617; x_wconf 79' lang='lat' dir='ltr'><strong>egerim</strong></span> <span class='ocrx_word' id='word_1_175' title='bbox 891 2536 980 2618; x_wconf 87' lang='lat' dir='ltr'><strong>apud</strong></span> <span class='ocrx_word' id='word_1_176' title='bbox 997 2535 1142 2614; x_wconf 68' lang='lat' dir='ltr'><strong>Horum,</strong></span> <span class='ocrx_word' id='word_1_177' title='bbox 1167 2555 1234 2619; x_wconf 91' lang='lat' dir='ltr'><strong>quo</strong></span> <span class='ocrx_word' id='word_1_178' title='bbox 1254 2537 1359 2602; x_wconf 89' lang='lat' dir='ltr'><strong>liben-</strong></span> 
     </span>
     <span class='ocr_line' id='line_1_23' title="bbox 278 2633 1357 2720; baseline 0.001 -18"><span class='ocrx_word' id='word_1_179' title='bbox 278 2647 330 2703; x_wconf 90' lang='lat' dir='ltr'><strong>ter</strong></span> <span class='ocrx_word' id='word_1_180' title='bbox 341 2646 374 2701; x_wconf 89' lang='lat' dir='ltr'><strong>te</strong></span> <span class='ocrx_word' id='word_1_181' title='bbox 386 2637 529 2711; x_wconf 89' lang='lat' dir='ltr'><strong>remitto,</strong></span> <span class='ocrx_word' id='word_1_182' title='bbox 544 2654 583 2699; x_wconf 89' lang='lat' dir='ltr'><strong>ue</strong></span> <span class='ocrx_word' id='word_1_183' title='bbox 593 2635 647 2698; x_wconf 84' lang='lat' dir='ltr'><strong>lric</strong></span> <span class='ocrx_word' id='word_1_184' title='bbox 659 2653 701 2699; x_wconf 89' lang='lat' dir='ltr'><strong>ea</strong></span> <span class='ocrx_word' id='word_1_185' title='bbox 713 2633 830 2716; x_wconf 79' lang='lat' dir='ltr'><strong>frigide</strong></span> <span class='ocrx_word' id='word_1_186' title='bbox 845 2633 958 2700; x_wconf 84' lang='lat' dir='ltr'><strong>videar</strong></span> <span class='ocrx_word' id='word_1_187' title='bbox 971 2644 1130 2720; x_wconf 91' lang='lat' dir='ltr'><strong>repetere,</strong></span> <span class='ocrx_word' id='word_1_188' title='bbox 1144 2641 1181 2701; x_wconf 91' lang='lat' dir='ltr'><strong>ut</strong></span> <span class='ocrx_word' id='word_1_189' title='bbox 1190 2636 1225 2700; x_wconf 90' lang='lat' dir='ltr'><strong>in</strong></span> <span class='ocrx_word' id='word_1_190' title='bbox 1238 2636 1357 2703; x_wconf 89' lang='lat' dir='ltr'><strong>laudes</strong></span> 
     </span>
     <span class='ocr_line' id='line_1_24' title="bbox 276 2735 1357 2818; baseline 0 -17"><span class='ocrx_word' id='word_1_191' title='bbox 276 2738 340 2802; x_wconf 84' lang='lat' dir='ltr'><strong>viri</strong></span> <span class='ocrx_word' id='word_1_192' title='bbox 360 2735 580 2801; x_wconf 83' lang='lat' dir='ltr'><strong>illustrissimi</strong></span> <span class='ocrx_word' id='word_1_193' title='bbox 595 2740 629 2799; x_wconf 88' lang='lat' dir='ltr'><strong>et</strong></span> <span class='ocrx_word' id='word_1_194' title='bbox 653 2735 900 2818; x_wconf 82' lang='lat' dir='ltr'><strong>Sapientissimi</strong></span> <span class='ocrx_word' id='word_1_195' title='bbox 917 2735 1137 2803; x_wconf 82' lang='lat' dir='ltr'><strong>Montanaerli</strong></span> <span class='ocrx_word' id='word_1_196' title='bbox 1154 2736 1277 2815; x_wconf 89' lang='lat' dir='ltr'><strong>Ducis,</strong></span> <span class='ocrx_word' id='word_1_197' title='bbox 1292 2738 1357 2802; x_wconf 84' lang='lat' dir='ltr'><strong>Ss-</strong></span> 
     </span>
     <span class='ocr_line' id='line_1_25' title="bbox 279 2835 1356 2920; baseline 0.001 -18"><span class='ocrx_word' id='word_1_198' title='bbox 279 2853 475 2902; x_wconf 78' lang='lat' dir='ltr'><strong>nnrrrssurr</strong></span> <span class='ocrx_word' id='word_1_199' title='bbox 493 2836 686 2901; x_wconf 80' lang='lat' dir='ltr'><strong>Dnnrrrtur</strong></span> <span class='ocrx_word' id='word_1_200' title='bbox 710 2835 944 2913; x_wconf 87' lang='lat' dir='ltr'><strong>Moderatoris,</strong></span> <span class='ocrx_word' id='word_1_201' title='bbox 958 2836 1144 2912; x_wconf 80' lang='lat' dir='ltr'><strong>excorians,</strong></span> <span class='ocrx_word' id='word_1_202' title='bbox 1159 2838 1217 2920; x_wconf 90' lang='lat' dir='ltr'><strong>qui</strong></span> <span class='ocrx_word' id='word_1_203' title='bbox 1233 2839 1356 2903; x_wconf 87' lang='lat' dir='ltr'><strong>virtute</strong></span> 
     </span>
     <span class='ocr_line' id='line_1_26' title="bbox 276 2937 1356 3021; baseline 0.002 -19"><span class='ocrx_word' id='word_1_204' title='bbox 276 2957 452 3021; x_wconf 88' lang='lat' dir='ltr'><strong>suasupra</strong></span> <span class='ocrx_word' id='word_1_205' title='bbox 462 2937 579 3001; x_wconf 89' lang='lat' dir='ltr'><strong>landes</strong></span> <span class='ocrx_word' id='word_1_206' title='bbox 593 2955 707 3001; x_wconf 87' lang='lat' dir='ltr'><strong>omnes</strong></span> <span class='ocrx_word' id='word_1_207' title='bbox 717 2944 853 3002; x_wconf 87' lang='lat' dir='ltr'><strong>evectus</strong></span> <span class='ocrx_word' id='word_1_208' title='bbox 866 2945 928 3002; x_wconf 84' lang='lat' dir='ltr'><strong>est.</strong></span> <span class='ocrx_word' id='word_1_209' title='bbox 972 2937 1016 3002; x_wconf 90' lang='lat' dir='ltr'><strong>Et</strong></span> <span class='ocrx_word' id='word_1_210' title='bbox 1032 2958 1074 3002; x_wconf 89' lang='lat' dir='ltr'><strong>ne</strong></span> <span class='ocrx_word' id='word_1_211' title='bbox 1089 2939 1188 3004; x_wconf 89' lang='lat' dir='ltr'><strong>etiam</strong></span> <span class='ocrx_word' id='word_1_212' title='bbox 1203 2939 1245 3002; x_wconf 89' lang='lat' dir='ltr'><strong>de</strong></span> <span class='ocrx_word' id='word_1_213' title='bbox 1256 2938 1356 3004; x_wconf 84' lang='lat' dir='ltr'><strong>Illus-</strong></span> 
     </span>
     <span class='ocr_line' id='line_1_27' title="bbox 275 3036 1355 3124; baseline 0.001 -22"><span class='ocrx_word' id='word_1_214' title='bbox 275 3039 419 3102; x_wconf 87' lang='lat' dir='ltr'><strong>trissimo</strong></span> <span class='ocrx_word' id='word_1_215' title='bbox 444 3044 477 3102; x_wconf 90' lang='lat' dir='ltr'><strong>et</strong></span> <span class='ocrx_word' id='word_1_216' title='bbox 505 3036 798 3102; x_wconf 85' lang='lat' dir='ltr'><strong>Reverendissimo</strong></span> <span class='ocrx_word' id='word_1_217' title='bbox 820 3038 891 3103; x_wconf 84' lang='lat' dir='ltr'><strong>viro</strong></span> <span class='ocrx_word' id='word_1_218' title='bbox 914 3037 1152 3104; x_wconf 89' lang='lat' dir='ltr'><strong>Coudomiensi</strong></span> <span class='ocrx_word' id='word_1_219' title='bbox 1173 3036 1355 3124; x_wconf 87' lang='lat' dir='ltr'><strong>Episcopo,</strong></span> 
     </span>
     <span class='ocr_line' id='line_1_28' title="bbox 274 3136 1355 3220; baseline 0.002 -16"><span class='ocrx_word' id='word_1_220' title='bbox 274 3139 521 3204; x_wconf 80' lang='lat' dir='ltr'><strong>Snanurssurr</strong></span> <span class='ocrx_word' id='word_1_221' title='bbox 538 3136 730 3205; x_wconf 69' lang='lat' dir='ltr'><strong>narraras</strong></span> <span class='ocrx_word' id='word_1_222' title='bbox 748 3136 970 3220; x_wconf 85' lang='lat' dir='ltr'><strong>Praeceptore,</strong></span> <span class='ocrx_word' id='word_1_223' title='bbox 989 3146 1024 3202; x_wconf 90' lang='lat' dir='ltr'><strong>et</strong></span> <span class='ocrx_word' id='word_1_224' title='bbox 1039 3137 1116 3204; x_wconf 84' lang='lat' dir='ltr'><strong>fidei</strong></span> <span class='ocrx_word' id='word_1_225' title='bbox 1130 3138 1294 3205; x_wconf 86' lang='lat' dir='ltr'><strong>Romanae</strong></span> <span class='ocrx_word' id='word_1_226' title='bbox 1305 3142 1355 3205; x_wconf 91' lang='lat' dir='ltr'><strong>in·</strong></span> 
     </span>
     <span class='ocr_line' id='line_1_29' title="bbox 274 3226 1354 3324; baseline 0.004 -22"><span class='ocrx_word' id='word_1_227' title='bbox 274 3237 505 3323; x_wconf 87' lang='lat' dir='ltr'><strong>geuiosissimo</strong></span> <span class='ocrx_word' id='word_1_228' title='bbox 526 3226 667 3315; x_wconf 84' lang='lat' dir='ltr'><strong>vindice,</strong></span> <span class='ocrx_word' id='word_1_229' title='bbox 689 3237 744 3302; x_wconf 89' lang='lat' dir='ltr'><strong>hio</strong></span> <span class='ocrx_word' id='word_1_230' title='bbox 764 3238 889 3321; x_wconf 87' lang='lat' dir='ltr'><strong>aliquid</strong></span> <span class='ocrx_word' id='word_1_231' title='bbox 910 3240 1038 3324; x_wconf 88' lang='lat' dir='ltr'><strong>loquar,</strong></span> <span class='ocrx_word' id='word_1_232' title='bbox 1051 3240 1159 3324; x_wconf 89' lang='lat' dir='ltr'><strong>deque</strong></span> <span class='ocrx_word' id='word_1_233' title='bbox 1174 3241 1354 3323; x_wconf 87' lang='lat' dir='ltr'><strong>perillustri</strong></span> 
     </span>
     <span class='ocr_line' id='line_1_30' title="bbox 274 3336 1454 3435; baseline 0.003 -33"><span class='ocrx_word' id='word_1_234' title='bbox 274 3348 310 3404; x_wconf 89' lang='lat' dir='ltr'><strong>et</strong></span> <span class='ocrx_word' id='word_1_235' title='bbox 324 3338 500 3403; x_wconf 79' lang='lat' dir='ltr'><strong>admodum</strong></span> <span class='ocrx_word' id='word_1_236' title='bbox 524 3336 568 3401; x_wconf 89' lang='lat' dir='ltr'><strong>R.</strong></span> <span class='ocrx_word' id='word_1_237' title='bbox 584 3337 627 3401; x_wconf 90' lang='lat' dir='ltr'><strong>D.</strong></span> <span class='ocrx_word' id='word_1_238' title='bbox 642 3336 772 3402; x_wconf 86' lang='lat' dir='ltr'><strong>Hoetio</strong></span> <span class='ocrx_word' id='word_1_239' title='bbox 788 3337 920 3404; x_wconf 85' lang='lat' dir='ltr'><strong>Abbate</strong></span> <span class='ocrx_word' id='word_1_240' title='bbox 933 3339 1115 3415; x_wconf 85' lang='lat' dir='ltr'><strong>Aluetensi,</strong></span> <span class='ocrx_word' id='word_1_241' title='bbox 1129 3340 1161 3403; x_wconf 92' lang='lat' dir='ltr'><strong>iu</strong></span> <span class='ocrx_word' id='word_1_242' title='bbox 1176 3340 1352 3406; x_wconf 88' lang='lat' dir='ltr'><strong>earundem</strong></span> <span class='ocrx_word' id='word_1_243' title='bbox 1450 3420 1454 3435; x_wconf 32' lang='lat'><strong><em>¹</em></strong></span> 
     </span>
     <span class='ocr_line' id='line_1_31' title="bbox 273 3437 1352 3523; baseline 0.003 -20"><span class='ocrx_word' id='word_1_244' title='bbox 273 3457 422 3503; x_wconf 86' lang='lat' dir='ltr'><strong>curarum</strong></span> <span class='ocrx_word' id='word_1_245' title='bbox 438 3446 565 3522; x_wconf 87' lang='lat' dir='ltr'><strong>partem</strong></span> <span class='ocrx_word' id='word_1_246' title='bbox 587 3437 708 3516; x_wconf 90' lang='lat' dir='ltr'><strong>accito,</strong></span> <span class='ocrx_word' id='word_1_247' title='bbox 731 3446 767 3502; x_wconf 92' lang='lat' dir='ltr'><strong>et</strong></span> <span class='ocrx_word' id='word_1_248' title='bbox 787 3439 952 3523; x_wconf 88' lang='lat' dir='ltr'><strong>religionis</strong></span> <span class='ocrx_word' id='word_1_249' title='bbox 967 3439 1166 3513; x_wconf 70' lang='lat' dir='ltr'><strong>Christianae</strong></span> <span class='ocrx_word' id='word_1_250' title='bbox 1187 3448 1352 3507; x_wconf 86' lang='lat' dir='ltr'><strong>assertore</strong></span> 
     </span>
     <span class='ocr_line' id='line_1_32' title="bbox 274 3536 1351 3620; baseline 0.004 -18"><span class='ocrx_word' id='word_1_251' title='bbox 274 3536 446 3613; x_wconf 84' lang='lat' dir='ltr'><strong>acerrimo,</strong></span> <span class='ocrx_word' id='word_1_252' title='bbox 460 3554 546 3620; x_wconf 88' lang='lat' dir='ltr'><strong>quos</strong></span> <span class='ocrx_word' id='word_1_253' title='bbox 563 3555 678 3603; x_wconf 88' lang='lat' dir='ltr'><strong>ornnes</strong></span> <span class='ocrx_word' id='word_1_254' title='bbox 691 3538 850 3605; x_wconf 82' lang='lat' dir='ltr'><strong>divinitus</strong></span> <span class='ocrx_word' id='word_1_255' title='bbox 865 3560 930 3605; x_wconf 87' lang='lat' dir='ltr'><strong>sua</strong></span> <span class='ocrx_word' id='word_1_256' title='bbox 936 3545 1048 3604; x_wconf 88' lang='lat' dir='ltr'><strong>manet</strong></span> <span class='ocrx_word' id='word_1_257' title='bbox 1060 3538 1146 3603; x_wconf 90' lang='lat' dir='ltr'><strong>laus.</strong></span> <span class='ocrx_word' id='word_1_258' title='bbox 1185 3538 1255 3605; x_wconf 76' lang='lat' dir='ltr'><strong>‘Sed</strong></span> <span class='ocrx_word' id='word_1_259' title='bbox 1269 3541 1351 3606; x_wconf 90' lang='lat' dir='ltr'><strong>illud</strong></span> 
     </span>
     <span class='ocr_line' id='line_1_33' title="bbox 272 3634 1350 3723; baseline 0.004 -22"><span class='ocrx_word' id='word_1_260' title='bbox 272 3641 400 3701; x_wconf 82' lang='lat' dir='ltr'><strong>tanturn</strong></span> <span class='ocrx_word' id='word_1_261' title='bbox 418 3642 452 3698; x_wconf 90' lang='lat' dir='ltr'><strong>te</strong></span> <span class='ocrx_word' id='word_1_262' title='bbox 465 3635 557 3711; x_wconf 84' lang='lat' dir='ltr'><strong>volo,</strong></span> <span class='ocrx_word' id='word_1_263' title='bbox 574 3634 704 3713; x_wconf 65' lang='lat' dir='ltr'><strong>leuton</strong></span> <span class='ocrx_word' id='word_1_264' title='bbox 718 3644 756 3702; x_wconf 90' lang='lat' dir='ltr'><strong>ut</strong></span> <span class='ocrx_word' id='word_1_265' title='bbox 775 3659 852 3723; x_wconf 78' lang='lat' dir='ltr'><strong>quse</strong></span> <span class='ocrx_word' id='word_1_266' title='bbox 866 3641 899 3705; x_wconf 92' lang='lat' dir='ltr'><strong>in</strong></span> <span class='ocrx_word' id='word_1_267' title='bbox 924 3637 1122 3722; x_wconf 87' lang='lat' dir='ltr'><strong>perlegendo</strong></span> <span class='ocrx_word' id='word_1_268' title='bbox 1144 3658 1245 3723; x_wconf 89' lang='lat' dir='ltr'><strong>opere</strong></span> <span class='ocrx_word' id='word_1_269' title='bbox 1263 3658 1285 3703; x_wconf 91' lang='lat' dir='ltr'><strong>a</strong></span> <span class='ocrx_word' id='word_1_270' title='bbox 1297 3660 1350 3705; x_wconf 88' lang='lat' dir='ltr'><strong>me</strong></span> 
     </span>
     <span class='ocr_line' id='line_1_34' title="bbox 272 3735 1351 3824; baseline 0.006 -24"><span class='ocrx_word' id='word_1_271' title='bbox 272 3744 416 3820; x_wconf 88' lang='lat' dir='ltr'><strong>peccata</strong></span> <span class='ocrx_word' id='word_1_272' title='bbox 442 3735 676 3818; x_wconf 88' lang='lat' dir='ltr'><strong>deprehendes,</strong></span> <span class='ocrx_word' id='word_1_273' title='bbox 694 3756 736 3803; x_wconf 89' lang='lat' dir='ltr'><strong>ea</strong></span> <span class='ocrx_word' id='word_1_274' title='bbox 760 3740 925 3820; x_wconf 80' lang='lat' dir='ltr'><strong>ignoscas,</strong></span> <span class='ocrx_word' id='word_1_275' title='bbox 947 3758 1055 3824; x_wconf 89' lang='lat' dir='ltr'><strong>eoque</strong></span> <span class='ocrx_word' id='word_1_276' title='bbox 1075 3739 1243 3805; x_wconf 88' lang='lat' dir='ltr'><strong>lubentius</strong></span> <span class='ocrx_word' id='word_1_277' title='bbox 1259 3742 1351 3824; x_wconf 87' lang='lat' dir='ltr'><strong>quod</strong></span> 
     </span>
     <span class='ocr_line' id='line_1_35' title="bbox 271 3835 1349 3925; baseline 0.006 -25"><span class='ocrx_word' id='word_1_278' title='bbox 271 3855 371 3901; x_wconf 88' lang='lat' dir='ltr'><strong>nemo</strong></span> <span class='ocrx_word' id='word_1_279' title='bbox 385 3835 439 3900; x_wconf 89' lang='lat' dir='ltr'><strong>hio</strong></span> <span class='ocrx_word' id='word_1_280' title='bbox 454 3835 531 3901; x_wconf 86' lang='lat' dir='ltr'><strong>milri</strong></span> <span class='ocrx_word' id='word_1_281' title='bbox 551 3837 659 3903; x_wconf 81' lang='lat' dir='ltr'><strong>lacem</strong></span> <span class='ocrx_word' id='word_1_282' title='bbox 674 3838 807 3917; x_wconf 84' lang='lat' dir='ltr'><strong>alluxit,</strong></span> <span class='ocrx_word' id='word_1_283' title='bbox 822 3860 898 3925; x_wconf 86' lang='lat' dir='ltr'><strong>quae</strong></span> <span class='ocrx_word' id='word_1_284' title='bbox 912 3839 1019 3923; x_wconf 86' lang='lat' dir='ltr'><strong>prima</strong></span> <span class='ocrx_word' id='word_1_285' title='bbox 1032 3840 1227 3905; x_wconf 88' lang='lat' dir='ltr'><strong>historicum</strong></span> <span class='ocrx_word' id='word_1_286' title='bbox 1247 3840 1349 3907; x_wconf 85' lang='lat' dir='ltr'><strong>istum</strong></span> 
     </span>
     <span class='ocr_line' id='line_1_36' title="bbox 271 3936 1095 4024; baseline 0.004 -23"><span class='ocrx_word' id='word_1_287' title='bbox 271 3936 516 4002; x_wconf 89' lang='lat' dir='ltr'><strong>commentariis</strong></span> <span class='ocrx_word' id='word_1_288' title='bbox 530 3937 693 4004; x_wconf 86' lang='lat' dir='ltr'><strong>illustrare</strong></span> <span class='ocrx_word' id='word_1_289' title='bbox 708 3959 863 4024; x_wconf 84' lang='lat' dir='ltr'><strong>aggressa</strong></span> <span class='ocrx_word' id='word_1_290' title='bbox 878 3960 963 4008; x_wconf 86' lang='lat' dir='ltr'><strong>sum.</strong></span> <span class='ocrx_word' id='word_1_291' title='bbox 998 3939 1095 4005; x_wconf 88' lang='lat' dir='ltr'><strong>Vale.</strong></span> 
     </span>
    </p>
   </div>
   <div class='ocr_carea' id='block_1_5' title="bbox 0 0 1522 4928">
    <p class='ocr_par' dir='ltr' id='par_1_5' title="bbox 0 0 1522 4928">
     <span class='ocr_line' id='line_1_37' title="bbox 0 0 1522 4928; baseline 0 5"><span class='ocrx_word' id='word_1_292' title='bbox 0 0 1522 4928; x_wconf 95' lang='lat' dir='ltr'><strong> </strong></span> 
     </span>
    </p>
   </div>
  </div>
 </body>
</html>
