3034 4928
396 421 445 470 ns
468 420 645 471 nrsronrs
671 423 780 473 ιιιιιιι
802 424 978 479 rueram.
1192 416 1236 481 ιιι

135 563 201 628 vel
211 561 402 627 loerhlrma
426 583 503 646 cap.
518 563 573 628 24
586 562 631 629 ‘A
646 566 736 630 bono
749 567 951 652 honestoque
964 570 1095 655 elapsi:
1109 571 1232 641 Graece

142 669 200 727 τοῦ
218 670 305 727 καλοῦ
327 664 454 749 κάγαθοῦ
467 660 638 740 lamina.
682 667 773 734 Ibid.
794 669 969 739 ‘Eundem
982 674 1107 737 ¹cosurrr
1131 679 1232 758 atque

141 766 274 829 exitum
295 769 471 849 utriusque
486 768 763 847 custodiendum,’
777 770 842 834 hoc
857 779 920 847 est,
934 773 1117 840 cavendum
1133 776 1231 859 ipsis,

141 867 310 948 siquldem
322 868 488 951 quicquid
503 869 547 932 ab
561 868 612 933 his
625 869 757 935 Graecis
771 872 805 935 in
824 870 1030 954 Polydorum
1052 875 1177 942 Priami
1192 877 1234 941 1³.
1322 882 1331 927 t

141 966 384 1046 designaretur,
406 967 495 1031 idem
521 975 709 1034 eventurum
737 976 828 1034 esset
854 969 1027 1037 Menelao.
1070 973 1127 1040 lta
1154 994 1232 1042 vero

140 1069 234 1150 apud
248 1068 394 1134 Graecos
409 1067 620 1144 φυλάσσεσθαι,
634 1068 839 1134 ‘custodire’
859 1076 894 1135 et
914 1072 1073 1138 ‘cavere'
1093 1076 1232 1160 aliquid.

141 1169 297 1233 AElianna
313 1167 401 1237 *Van
422 1169 515 1234 Hier.
531 1187 556 1232 l·
570 1173 602 1236 ὁ.
624 1170 656 1232 τὸ
670 1171 721 1251 μιν
741 1173 802 1257 γὰρ
816 1168 914 1256 διλιιφ
927 1170 993 1256 οὐχ’
1006 1176 1159 1258 ὑφορᾶται,
1174 1178 1233 1240 otti

138 1271 195 1350 μιν
215 1268 394 1349 peanis-m
415 1276 509 1348 τοῦτο,
531 1275 666 1335 ‘escam
691 1273 874 1338 nonhabet
898 1280 1104 1356 suspectum,
1126 1295 1232 1365 neque

139 1371 209 1435 sibi
224 1372 269 1435 ab
282 1390 325 1434 ea
337 1369 457 1436 cavet!
499 1370 577 1436 Act
590 1370 712 1456 Apost-
734 1388 823 1437 xxr.
845 1374 898 1438 ab.
921 1372 1117 1455 φυλάσσισιιιι
1132 1378 1231 1453 αὐτοὺς

139 1471 177 1534 τι
198 1467 384 1550 ιιιωλιιυτοι,
398 1474 447 1534 και
468 1473 500 1534 τι
523 1471 609 1552 Ape,
622 1475 683 1538 irc.
705 1478 763 1539 ‘nt
785 1473 836 1538 illi
850 1482 1002 1540 caveant
1014 1477 1080 1541 sibi
1100 1479 1145 1542 ab
1166 1477 1231 1557 iis,’

139 1570 300 1654 tanquam
321 1573 452 1636 amalo.
473 1591 551 1655 cap.
564 1572 619 1637 80.
642 1570 789 1656 ‘Virgo'
811 1573 854 1639 de
868 1573 1062 1659 Chryseida,
1077 1597 1153 1660 qum
1177 1586 1229 1644 tu·

137 1692 214 1737 men
233 1680 341 1755 nupta
356 1672 429 1755 jam
447 1672 560 1737 fuerat
582 1671 668 1754 Regi
685 1673 830 1739 Eetioni.
873 1674 962 1740 Vide
978 1677 1030 1742 17.
1074 1678 1142 1743 Sed
1157 1680 1230 1745 sine

139 1771 247 1837 dubio
260 1773 295 1835 in
308 1770 433 1837 Graeco
444 1773 509 1837 fuit
525 1769 615 1859 Κιςι,
631 1791 697 1855 qna
715 1793 798 1838 voce
812 1774 928 1856 Virgo,
935 1775 1040 1854 Filia·
1047 1784 1083 1841 et
1095 1777 1229 1859 Puella,

137 1874 242 1937 etiarn
258 1871 389 1956 Nupta,
403 1880 546 1939 notatur·
569 1891 599 1938 c.
609 1874 664 1939 52.
678 1873 854 1958 ‘Reliquis
868 1875 1011 1941 ducibus
1024 1878 1168 1945 favorem
1179 1886 1230 1945 at-

138 1974 355 2051 tollentibus‚'
378 1975 443 2039 hoc
468 1981 530 2053 est,
562 1973 706 2058 σιφημιαι,
733 1976 841 2041 ‘bona
863 1976 1001 2055 omina‚'
1030 1980 1112 2061 quia
1139 1980 1231 2064 qnod

140 2072 256 2140 Greci
276 2075 311 2137 in
333 2076 438 2139 sacris
465 2076 602 2157 ιιφημιιν,
616 2076 681 2139 hoc
703 2075 815 2145 Latini
837 2077 972 2142 ‘iuvere
986 2077 1127 2160 linguis'
1140 2080 1229 2145 dice-

139 2174 230 2238 bant
274 2174 367 2239 Hinc
389 2175 517 2240 Noster
531 2176 632 2240 etiam
653 2182 752 2239 extra
776 2194 872 2240 sacra
885 2177 944 2241 ubi
957 2180 1083 2260 reperit
1096 2179 1230 2260 εὐφημίαι

139 2275 232 2358 apud
247 2284 417 2340 auctorem
429 2295 536 2354 snum,
551 2276 584 2340 id
593 2275 743 2341 reddidit
756 2295 816 2358 per
829 2274 1018 2340 ‘favorem'
1048 2277 1139 2340 Vide
1154 2276 1229 2344 istic

140 2378 251 2440 etiam
273 2377 434 2440 illustrem
454 2375 664 2442 Obrechtum.
708 2373 808 2439 Adde
822 2375 875 2438 his
898 2393 984 2458 pene
999 2382 1163 2460 perpetua
1185 2398 1229 2444 ex

140 2476 341 2553 Grmuismo,
358 2476 575 2558 ‘Legatornm
590 2475 810 2542 Palamedes'
826 2491 852 2538 ι.
871 2476 904 2540 6.
927 2474 1142 2541 ‘Graecorum
1158 2478 1229 2545 Mo·

138 2577 262 2640 neluus
273 2575 283 2602 '
294 2593 334 2639 ιι.
349 2575 403 2640 20.
424 2576 672 2641 ‘Barbarorum
689 2576 840 2641 Hectore
857 2582 894 2640 et
913 2575 1117 2658 Sarpedone,
1132 2579 1227 2645 Grue-

140 2696 259 2742 corum
282 2674 455 2740 Diomede'
476 2695 516 2740 ιι.
538 2676 593 2740 82.
637 2675 794 2741 Similiter
819 2692 861 2738 rr.
881 2675 937 2740 38.
957 2676 1011 2740 «ιιι.
1027 2679 1086 2742 &c
1130 2679 1228 2760 Tum,

138 2772 223 2864 q‘nie
238 2777 352 2845 Graeci
377 2768 516 2861 copulae
537 2801 569 2841 rr
591 2776 641 2839 καὶ
662 2778 728 2842 sibi
749 2778 891 2843 invicem
905 2777 1139 2861 respondentes
1158 2781 1228 2846 sere

138 2899 269 2963 semper
285 2880 465 2962 geminant,
480 2877 559 2941 ideo
573 2883 608 2942 et
623 2875 748 2942 Noster
767 2870 893 2960 passim
908 2880 919 2955 ‘.
927 2896 990 2961 qne
1001 2877 1051 2942 et'
1071 2880 1106 2942 in
1116 2881 1229 2963 proxi·

137 3000 194 3044 mo
204 2979 329 3062 jungit,
346 2985 381 3042 et
400 2977 554 3061 opponit.
599 2978 658 3041 Sic
674 2994 716 3041 11.
731 2977 786 3042 29.
809 2985 858 3042 ter
877 2997 943 3043 uno
964 2983 997 3042 ct
1017 2979 1111 3045 brevi
1123 2981 1156 3045 in
1171 3000 1232 3046 ca.

137 3082 233 3163 pite:
265 3078 359 3157 ‘Qui
389 3080 434 3142 oh
453 3096 598 3142 amorem
618 3077 764 3160 captivae
787 3077 938 3142 mulieris
968 3096 1069 3161 seque
1088 3086 1123 3143 et
1144 3082 1227 3145 tanti

136 3180 287 3245 numinis
301 3180 412 3244 Deum
426 3176 607 3242 contemtui
627 3177 807 3255 habuisset,
828 3197 868 3242 ac
889 3196 969 3242 mox
990 3178 1135 3267 universi
1148 3196 1229 3242 exe·

137 3282 227 3347 crati
251 3274 428 3344 deseruere
450 3279 494 3342 ob
515 3278 615 3361 idque
638 3286 674 3342 et
699 3298 862 3343 memores
883 3275 1097 3341 Palamedis:
1138 3276 1229 3341 Dein

138 3379 318 3445 ‘Achilles
338 3379 373 3442 in
393 3398 450 3443 ore
471 3378 617 3442 omnium
645 3379 820 3460 ipsumque
841 3384 876 3439 et
899 3374 1088 3438 Menelaum
1116 3383 1229 3443 contn-

138 3480 258 3545 meliis
280 3477 470 3543 lacerabat'
511 3478 671 3543 Similiter
692 3495 732 3541 ιι.
755 3479 809 3541 42.
851 3475 1100 3559 ‘Nostrosque
1126 3485 1227 3562 utque

137 3582 264 3646 hostes
273 3579 295 3658 ;'
315 3578 378 3651 τοὺς
389 3578 532 3665 ἡμετέρους
546 3604 589 3656 τι,
601 3580 649 3642 και
664 3578 728 3651 τοὺς
741 3575 901 3659 πολεμίους.

184 3698 270 3746 xvr.
280 3681 374 3751 Satis
388 3699 552 3766 superque
558 3683 631 3746 haec
646 3680 832 3745 exdnobns
847 3684 973 3744 tanturn
983 3678 1077 3745 libris
1087 3680 1228 3746 collecta

137 3784 313 3848 declarant
335 3787 541 3865 quantopere
565 3781 746 3849 Graeciseet
770 3787 884 3846 noster
911 3780 1094 3863 interpres:
1128 3787 1227 3865 atque

138 3884 231 3949 adeo
252 3902 353 3967 qnam
377 3884 552 3966 probabile
575 3884 630 3961 sit,
652 3883 740 3966 quod
760 3883 818 3959 ait,
844 3902 890 3946 ex
914 3879 1038 3945 Graeco
1057 3880 1226 3964 Scriptore

136 3986 229 4051 hanc
248 3982 420 4047 historiam
435 4002 473 4047 se
496 3984 645 4048 vertisse.
688 3980 808 4065 Neque
832 3980 924 4063 rejici
947 4000 988 4045 ea
1009 3980 1226 4066 velimrqnod

134 4084 296 4151 nonnulla
309 4103 355 4149 cx
373 4083 418 4148 iis
439 4084 538 4150 etium
559 4083 649 4168 apud
671 4083 759 4148 ulios
773 4081 895 4147 alicubi
911 4088 1086 4147 occurrant
1099 4080 1226 4148 lanne

15 4188 16 4265 ἴ
135 4188 281 4269 Linguae
296 4184 492 4269 Scriptores
536 4183 609 4251 Nec
631 4184 720 4247 enim
734 4183 874 4265 singulae
888 4180 1029 4270 phrases
1038 4181 1227 4263 separatim,

199 4301 293 4364 urps
301 4300 391 4352 ισιι
392 4301 475 4351 ca·
612 4297 756 4348 prece
