3034 4928
536 442 656 490 SGENA
681 444 828 493 'titolum
1184 438 1226 501 81

137 594 218 657 'ln
237 592 329 657 hisee
350 608 426 654 uero
449 591 662 670 agitabantur
683 610 748 655 non
770 598 897 657 tautum
913 593 1094 677 quadrigae.
1139 600 1224 665 Stat.

125 711 214 758 νιιι.
244 692 346 757 Theb.
370 691 448 756 870.
474 711 590 755 terum
614 698 648 756 et
679 693 778 775 bigae.
805 694 906 758 Hom.
930 694 1025 760 Iliad.
1047 697 1084 771 ψ.
1136 698 1223 778 Quae
1308 748 1313 755 .

124 798 327 878 spectantur
338 794 372 856 in
387 793 541 876 pluribus
556 793 743 858 Siculorum
760 802 864 878 atque
879 794 1071 860 Graecorum
1093 786 1224 867 Numis-

124 896 279 961 matihus
303 893 397 977 apud
419 894 604 972 Galatam,
626 894 796 973 Pamtam,
819 896 1094 976 Volkhamerum‚
1118 900 1222 983 Bege-

125 1016 215 1072 rum,
230 998 290 1059 &a
1095 1002 1100 1009 '

169 1095 243 1160 flae
270 1099 380 1158 autem
409 1094 496 1177 bigae
533 1093 623 1176 apud
650 1094 788 1159 citatum
825 1094 1009 1176 Goltzinm,
1032 1098 1143 1164 Graec.
1171 1103 1222 1167 80.

121 1197 209 1262 Tnb.
239 1197 276 1259 iu
301 1194 455 1278 Philippi
482 1196 568 1275 regis
595 1194 751 1259 Numano.
794 1194 933 1278 Quippe
952 1198 1096 1263 hicnon
1118 1200 1223 1265 solum

121 1316 219 1379 saepe
235 1297 275 1360 in
299 1293 490 1378 olympicis
521 1294 613 1371 vicit,
628 1294 867 1376 quadrigarum
889 1295 1107 1381 bigarumque
1123 1301 1223 1364 curri·

124 1397 219 1473 culo,
241 1394 383 1479 (lustin.
401 1411 474 1458 ιιιι.
490 1392 562 1476 16.)
577 1380 804 1459 verumetiam
820 1396 955 1459 curules
970 1397 1222 1482 Olympicomm

124 1499 290 1560 victorias
313 1494 583 1559 Numismatibus
613 1495 770 1577 insignire
790 1502 843 1560 eet
866 1496 999 1575 solitus,
1026 1504 1112 1563 teste
1142 1499 1222 1565 Plu·

123 1596 251 1659 tarcbo.

167 1694 344 1758 Ludorum
375 1694 516 1777 denique
546 1694 795 1777 Olympicomm
840 1696 1001 1760 curulium
1044 1700 1224 1766 meminere

125 1795 255 1859 Horat.
274 1812 299 1860 ι.
322 1795 386 1857 Od.
402 1797 429 1857 l.
443 1795 475 1858 3.
491 1794 627 1858 Pindar.
644 1794 778 1879 Olymp.
790 1796 822 1860 2.
838 1796 902 1860 (ld.
917 1795 1010 1878 Virg.
1027 1813 1081 1861 ιιι.
1097 1798 1220 1881 Georg.

124 1896 180 1959 18.
196 1900 262 1960 διο.

411 2135 635 2211 ΤΑΒυιΑ
687 2130 931 2239 Qunam:

506 2354 618 2420 XIX.
663 2352 853 2420 HYDRA.

339 2504 413 2567 Lus.
435 2520 486 2570 ιν.
510 2505 600 2569 Gne.
624 2505 676 2568 lu.
700 2503 758 2567 ubi
773 2501 816 2566 de
834 2498 1030 2566 Philoctete.

147 2688 159 2716 ⁴
174 2681 316 2766 Quippe
332 2683 494 2747 Herculis
508 2690 655 2746 armatus
671 2681 813 2763 sagittis,
828 2700 904 2762 quae
919 2680 1053 2745 infecte
1071 2679 1198 2764 Hydrae

257 2787 416 2866 sanguine
433 2784 521 2847 baud
535 2783 608 2846 eine
620 2782 727 2846 exitio
743 2782 875 2865 corpori
889 2781 1094 2863 figebantur?

166 2918 292 2981 lunae
303 2917 437 2981 labores
452 2919 523 2982 sive
534 2917 714 2985 certamina
723 2915 881 2981 Herculis
890 2916 1075 3000 praesertim
1086 2915 1221 2978 emicuit

124 3038 192 3081 nex
204 3018 349 3100 Hydrae.
373 3018 454 3081 Erat
470 3025 577 3082 aulem
592 3036 742 3099 serpens,
758 3016 801 3081 ad
811 3018 929 3081 Menae
944 3018 1057 3082 lacum
1073 3016 1107 3079 in
1117 3013 1222 3095 Aspia

124 3119 356 3201 Peloponnesi
372 3120 507 3201 regione
520 3118 730 3195 delitescens,
746 3119 987 3200 quinquaginta
1000 3116 1162 3199 cupitum,
1175 3130 1220 3175 eu

122 3221 250 3302 quibus
263 3239 333 3283 uno
353 3226 539 3301 amputato,
553 3238 634 3282 mox
655 3218 724 3282 alia
746 3202 814 3282 duo
836 3217 1096 3301 repullulabunt.
1118 3209 1220 3274 Ovio.

123 3334 184 3381 lx.
196 3319 337 3384 Metam·
350 3319 631 3402 lilii-Apollonos
645 3333 684 3381 ιι.
729 3316 956 3394 Quamobrem
970 3334 1035 3378 non
1049 3313 1149 3376 clava
1160 3310 1221 3372 sed
1261 3366 1267 3377 .

120 3418 264 3499 ignibus
290 3421 378 3484 benc
400 3421 541 3484 bestiam
561 3421 678 3483 tollere
696 3417 875 3500 cogebatur
903 3413 1080 3478 Hercules.
1122 3408 1219 3472 Unde

52 3555 54 3558 ·
124 3520 278 3595 Seneca,
293 3523 328 3583 in
343 3522 389 3585 H.
403 3521 540 3585 Furent.
555 3521 630 3584 241.

214 3620 335 3699 Quid'l
357 3641 450 3687 saeva
464 3625 584 3689 lerna
597 3626 758 3698 monstra,
772 3635 986 3683 numerosum
997 3615 1132 3690 melum,

212 3722 297 3786 Non
312 3724 386 3805 igne
400 3724 530 3787 ἀειιιιιιιι
545 3725 626 3788 vicit
640 3729 672 3788 et
687 3722 806 3786 docuit
818 3720 927 3783 mori'l

120 3822 316 3886 videantur
336 3830 370 3887 et
391 3822 560 3906 Albricus,
582 3823 626 3886 de
644 3823 742 3886 Deor.
772 3821 960 3902 imaginat
988 3816 1127 3881 Ptolem.
1143 3816 1214 3881 He·

121 3924 285 4006 pbeestio,
307 3925 397 4007 opud
422 3925 598 3988 Photium:
622 3925 681 4006 qui
702 3942 803 3988 aurea
824 3940 869 3985 ex
890 3928 984 4003 parte
1006 3920 1120 4000 capita
1141 3916 1218 3984 huie

118 4026 230 4089 foisse
246 4021 359 4088 refert.

162 4123 307 4188 Interim
323 4123 599 4207 loleumplphicli
614 4125 732 4201 filium,
748 4121 886 4186 Herculi
895 4118 1056 4183 laboranti
1072 4117 1218 4194 affuisse,

117 4233 151 4290 et
179 4223 326 4291 admota
353 4222 431 4286 sace
452 4230 621 4287 truncatas
643 4225 793 4290 cervices
820 4220 998 4297 adussisse,
1023 4219 1218 4302 priusquam

182 4337 467 4403 nauteriacus.
584 4348 599 4373 v
617 4338 763 4388 nicaena
1134 4331 1155 4379 1³
