3034 4928
264 406 268 415 '
304 409 349 474 ld
570 410 1137 468 rsc.uuarzou11n1ssnarsrro

308 565 514 650 antiquitatis
528 581 599 626 snae
613 560 706 624 daret
720 554 909 638 scriptioni:
930 572 1040 617 earum
1056 557 1163 616 autem
1178 551 1344 617 rationem
1360 555 1396 617 in
1506 632 1507 641 ἵ

306 671 450 749 liugnam
477 660 701 746 antiquissimi
725 658 897 740 temporis,
923 661 958 718 ut
978 654 1076 738 plane
1099 653 1268 729 incertam,
1291 654 1399 719 voluit
1505 656 1507 695 l

306 768 492 835 referrehuc
507 763 734 836 excusatione,
749 778 826 841 quoe
841 763 952 821 tamen
967 757 1045 838 ipsa
1059 754 1166 834 magis
1180 755 1299 818 iterum
1322 756 1397 820 ido·

307 888 370 934 nea
390 866 498 933 estad
520 858 695 937 dbceudos,
719 877 786 923 nou
807 857 943 940 Trojani
968 856 1130 938 temporis
1152 856 1311 933 homiues,
1335 857 1396 920 sed

307 971 406 1053 lunge
417 967 630 1052 posteriores,
644 980 728 1046 quos
743 959 872 1042 antiqui
886 958 989 1025 moris
997 965 1032 1022 et
1045 957 1167 1038 liuguae
1181 954 1316 1039 ignarus
1329 976 1397 1021 nun

307 1071 381 1135 vult
395 1065 543 1133 ‘mirari'
558 1083 653 1129 suam
666 1060 926 1127 haesitationem.

352 1185 496 1235 xxvnr.
520 1167 674 1249 Denique
694 1169 732 1229 ut
753 1161 937 1231 absolvam,
951 1158 1006 1223 cui
1027 1177 1093 1222 nun
1113 1161 1309 1242 suspectum
1323 1161 1397 1236 erit,

308 1273 366 1356 qui
382 1271 524 1335 animum
540 1264 690 1331 attendet
709 1261 847 1326 anxium
871 1257 952 1322 illud
973 1265 1009 1322 et
1023 1259 1199 1340 quaesitum
1217 1259 1306 1323 adeo
1325 1266 1398 1324 stu·

308 1375 400 1439 dium
423 1368 583 1436 reddendi
600 1366 702 1431 toties
716 1362 890 1433 rationem,
904 1358 994 1422 unde
1016 1359 1090 1423 baec
1105 1360 1216 1422 omnia
1230 1378 1398 1441 cognore-

308 1475 375 1539 ritl
420 1471 528 1535 Etiam
546 1469 645 1549 vulgo
658 1465 773 1541 fertur,
785 1480 858 1538 eos,
873 1460 928 1543 qui
946 1478 982 1523 se
996 1458 1146 1523 studiose
1164 1461 1263 1524 nimis
1277 1460 1397 1527 identi-

307 1576 383 1638 dem
398 1578 577 1645 excusant,
589 1569 683 1650 ipsos
696 1585 733 1629 se
748 1581 919 1628 accusare.
962 1560 1019 1625 Ita
1032 1579 1110 1625 vero
1121 1569 1300 1644 suspectus
1314 1583 1398 1648 quo-

308 1693 374 1759 qne
386 1677 437 1737 est
450 1671 547 1735 malae
561 1667 652 1744 fidei,
667 1666 724 1750 qni
733 1664 865 1729 solicite
877 1662 961 1725 adeo
976 1680 1071 1725 suam
1080 1661 1180 1725 fidem
1198 1664 1297 1728 toties
1311 1680 1398 1748 prae·

307 1776 399 1840 dicat
419 1779 453 1837 et
473 1768 692 1843 commendat,
712 1770 750 1830 ut
765 1764 892 1829 Noster
905 1763 989 1827 lacit
1001 1762 1173 1826 minimum
1189 1768 1240 1828 ter
1255 1784 1299 1828 ex
1321 1787 1399 1849 pro·

306 1878 399 1942 iesse
418 1876 454 1940 in
475 1869 682 1957 exiguoboc
703 1865 831 1946 libello,
845 1865 1019 1928 inculcans
1040 1863 1220 1928 identidem
1235 1884 1272 1930 se
1297 1868 1398 1934 iuter-

307 1978 413 2042 saissa
425 1976 525 2040 rebus
547 1972 662 2054 gestis,
678 1967 768 2053 qnod
783 1985 881 2030 nemo
903 1971 994 2040 tuuc,
1018 1964 1052 2027 in
1072 1964 1184 2047 patria
1208 1975 1298 2031 certe
1312 1969 1397 2053 ejus,

307 2079 456 2159 ignorare
469 2072 644 2158 potuisset.
686 2066 775 2130 Vide
792 2081 817 2127 ι.
837 2064 889 2130 13.
906 2081 941 2127 v.
955 2064 1008 2128 17.
1024 2078 1074 2127 vr.
1088 2065 1141 2128 10.
1184 2064 1254 2130 Sed
1275 2074 1310 2133 et
1331 2071 1397 2135 boc

307 2178 380 2242 sine
390 2176 494 2240 dubio
507 2189 676 2255 aspersum
687 2174 743 2233 est
752 2167 850 2231 unice
863 2165 907 2231 ad
920 2165 1108 2230 faciendam
1121 2185 1208 2231 novo
1218 2177 1253 2233 et
1267 2183 1400 2254 suppo-

306 2277 374 2341 sito
388 2275 496 2359 operi,
510 2278 578 2338 tam
592 2269 721 2351 antiqui
736 2268 893 2343 auctoris,
907 2266 1005 2349 cuius
1017 2284 1137 2331 nomen
1158 2287 1227 2349 prae
1250 2287 1288 2332 se
1309 2269 1399 2334 sere-

306 2378 378 2455 bat,
393 2376 506 2450 fidem,
523 2371 682 2454 speciem,
697 2376 732 2433 et
747 2368 989 2434 auctoritatem.
1117 2451 1123 2463 1

351 2490 468 2538 xxix.
490 2470 579 2548 Quis
595 2489 672 2551 ergo
695 2486 794 2532 verns
815 2469 914 2531 istius
937 2467 1090 2533 historiae
1113 2474 1231 2534 auctor
1244 2469 1354 2549 inerit,
1366 2474 1397 2537 si

308 2574 385 2659 quis
398 2592 452 2636 me
467 2577 569 2651 roget,
586 2588 647 2649 ego
661 2585 739 2630 vero
752 2568 811 2630 rix
827 2567 955 2645 dubito,
969 2570 1050 2652 qnia
1063 2573 1075 2604 ‘
1086 2568 1229 2634 Praxis’
1246 2570 1303 2634 ille
1317 2570 1398 2636 Cre-

308 2672 425 2749 tensis,
435 2669 491 2734 vel
504 2673 515 2703 ⁶
527 2665 760 2749 Eupraxides:
778 2668 835 2749 qui
850 2666 902 2732 ‘N
902 2668 1014 2734 eroui’
1028 2670 1129 2734 hosce
1141 2670 1247 2735 libros
1262 2673 1396 2751 obtulit,

308 2792 370 2840 eos
390 2772 494 2837 etiam
511 2768 751 2851 composuerit.
795 2767 856 2831 Ille
877 2769 979 2845 enim,
994 2789 1070 2834 cnm
1091 2770 1193 2834 sciret
1215 2771 1397 2850 Neronem,

306 2874 494 2960 principem
516 2868 744 2942 vanissimum,
766 2867 900 2933 Graecis
915 2870 1043 2933 artibus
1061 2876 1097 2933 et
1119 2870 1242 2935 sabulis
1256 2872 1400 2939 mirifice

307 2973 465 3049 deditum,
491 2970 621 3034 videtur
645 2968 818 3037 historiam
841 2970 927 3034 banc
942 2989 984 3033 eo
999 2971 1111 3035 auimo
1125 2972 1246 3055 partim
1268 2975 1313 3036 de
1330 2992 1398 3038 suo

307 3075 457 3144 finxisse,
470 3072 561 3156 (nam
585 3070 690 3135 mults
709 3072 861 3153 prosectu
885 3071 987 3135 babet
999 3091 1133 3154 prorsus
1155 3074 1346 3155 singularia,
1362 3078 1398 3139 iu

307 3176 430 3259 quibus
444 3174 512 3256 ipsi
529 3191 592 3255 ego
606 3180 695 3236 certe
707 3173 794 3236 haud
809 3173 949 3236 multum
965 3171 1043 3238 fidei
1058 3170 1257 3257 tribuerim)
1270 3177 1398 3256 partim

306 3295 351 3341 ex
376 3276 488 3360 poiitis
508 3281 612 3355 atque
637 3273 713 3337 aliis
739 3275 961 3356 scriptoribus
982 3275 1128 3357 antiquis
1152 3274 1401 3356 collegissent

307 3376 436 3441 Neroni
446 3396 520 3441 sam
532 3374 670 3451 offerret,
680 3374 775 3438 etita
789 3394 811 3438 a
825 3374 967 3457 prodigo
981 3381 1015 3438 et
1029 3374 1155 3439 stolido
1169 3374 1302 3438 bomine
1320 3375 1400 3440 lau·

306 3481 377 3539 tum
391 3484 648 3557 conmqueretur
667 3476 853 3560 praemium.
898 3473 999 3553 Quod
1016 3480 1051 3538 et
1071 3476 1120 3538 ita
1145 3476 1270 3539 evenit.
1300 3475 1399 3541 Nam

297 3591 381 3636 ,enm
391 3573 484 3637 Nero
493 3576 525 3636 in
534 3572 701 3638 Achaiam
711 3579 869 3653 venisset,
877 3576 1160 3660 opportunissimo
1172 3574 1400 3658 temporeboc

307 3690 397 3755 opus
410 3672 454 3737 ad
470 3692 547 3736 eum
562 3673 692 3748 detulit,
703 3685 737 3737 et
751 3677 901 3756 plurinds
915 3677 958 3740 ab
972 3677 1031 3740 illo
1043 3674 1235 3737 muneribus
1244 3676 1400 3741 vicissim

306 3771 452 3836 deuotus
473 3770 605 3835 dicitnr·
650 3771 774 3837 Verum
793 3782 831 3838 ut
844 3776 1124 3841 existimationem
1144 3776 1237 3858 operi
1257 3783 1291 3839 et
1314 3795 1402 3841 auc·

306 3872 474 3937 toritatem
488 3870 632 3950 adderet,
646 3871 729 3936 iecit
749 3874 840 3955 quud
856 3875 999 3940 artifices
1013 3883 1089 3939 tuuc
1102 3874 1214 3938 iacere
1229 3875 1403 3956 solebant,

306 3971 423 4053 quint
444 3972 585 4054 pmtinm
608 3973 765 4055 operibus
784 3975 883 4036 noma
911 3983 947 4038 et
972 3977 1044 4039 suis
1063 3974 1172 4058 majus
1194 3975 1403 4055 invenirent,

306 4069 492 4136 Praxitelis
506 4075 567 4135 ant
582 4071 732 4157 Myronis
745 4092 865 4137 nomeu
881 4075 924 4137 iis
939 4075 1175 4151 inscribebant,
1185 4082 1273 4139 teste
1294 4074 1403 4141 Plate-

306 4170 379 4244 dro.
411 4170 539 4237 lisdem
553 4192 631 4254 ergo
644 4176 771 4240 ratione
783 4184 817 4239 et
838 4176 894 4240 ille
915 4176 1059 4259 Dictyos
1082 4175 1256 4241 Cretensis
1270 4195 1403 4242 nomen
