3010 4916
530 437 580 485 AB
606 437 819 488 tumultuat.

253 723 462 790 Guilbelmus
479 720 691 789 Gambdenns
705 723 739 789 iu
751 724 923 790 Britannia
936 744 996 790 sua
1010 729 1082 794 133.

165 888 247 968 Quo
268 888 393 953 soeculo
415 885 541 965 floruit,
558 886 617 970 qui
631 886 710 951 binc
732 886 893 953 oriundus
913 898 948 953 ot
961 890 1209 972 cognominatus

121 992 296 1077 Josepbns
325 989 481 1068 Iscauns,
507 987 781 1072 splendidissImo
810 991 944 1074 iugenio
966 990 1087 1070 Podta,
1114 992 1211 1076 cujus

122 1095 250 1178 scripta
270 1094 318 1157 ita
331 1091 568 1177 probabantur,
593 1097 631 1155 ut
644 1091 687 1156 ad
702 1100 850 1156 veterum
866 1094 1065 1178 scriptomm
1079 1092 1211 1159 laudem

121 1195 329 1278 pervenerint
344 1215 353 1259 τ
373 1193 448 1276 eJus
462 1195 583 1258 etenim
599 1195 642 1258 de
652 1193 742 1260 beilo
754 1193 901 1278 Trojano
915 1195 1038 1280 podma
1052 1193 1211 1261 Germani

124 1297 227 1362 semel
242 1305 342 1380 atque
356 1296 476 1361 itemm
499 1297 564 1360 sub
587 1293 733 1360 Cornelii
755 1296 899 1381 Nepotis
914 1300 1046 1364 nomine
1059 1296 1211 1379 divulga·

122 1405 210 1463 runt.
921 1420 931 1437 ·

586 1565 680 1631 Idem
694 1565 748 1632 33.

164 1700 270 1781 Quod
299 1719 378 1767 vero
405 1700 585 1767 Britannos
614 1720 680 1766 una
709 1720 786 1766 cum
808 1699 960 1769 Hercule
980 1703 1016 1766 in
1039 1701 1209 1768 Hesiones

122 1814 226 1887 raptu
254 1801 389 1867 affuisse
409 1800 594 1886 colligatur,
616 1823 659 1867 ex
694 1803 747 1868 bis
769 1800 926 1881 Cornelii,
947 1811 986 1867 ut
1007 1804 1210 1881 existimant,
1339 1816 1345 1827 '

123 1903 274 1988 Nepotis
288 1904 444 1984 semibus,
465 1905 546 1971 dnm
568 1904 700 1988 nuptiate
713 1904 904 1970 Telomouis
917 1910 951 1970 et
966 1904 1136 1969 Hesiones
1151 1906 1210 1970 de·

122 2005 241 2070 scribit
257 2021 297 2069 rr.
310 2004 363 2070 67.

336 2115 369 2173 et
379 2108 414 2172 in
430 2127 530 2174 aurea
542 2109 669 2193 poeula
681 2108 748 2175 susi

205 2208 353 2276 Invitant
366 2229 440 2277 ecee
455 2210 579 2294 pateris
593 2211 689 2295 plebs
704 2212 824 2290 mixte,
841 2213 1004 2289 Britanni,
1018 2213 1080 2275 &c

121 2310 228 2377 Plane
241 2310 410 2396 potiticum
423 2320 496 2378 est:
512 2312 642 2379 stillim
654 2318 897 2379 auctoremnon
907 2312 1012 2377 tuisse
1021 2310 1210 2377 Comelinm

122 2411 300 2496 Nepotem,
321 2420 359 2479 ut
372 2412 529 2480 Germani
543 2414 670 2493 volunt,
692 2415 750 2480 sed
766 2415 949 2499 Josepbnm
966 2415 1125 2479 lscanum
1139 2413 1211 2477 sire

122 2514 355 2593 Exmriensam,
381 2516 527 2582 dilucide
548 2524 582 2583 et
601 2520 697 2602 quasi
718 2519 907 2603 obsignatis
928 2518 1049 2583 tabulis
1070 2516 1211 2600 probare

120 2635 273 2699 possm.
316 2617 444 2702 Utique
472 2619 530 2703 qui
556 2619 696 2685 Henrici
720 2622 824 2685 nostri
853 2619 990 2686 secundi
1017 2625 1051 2685 et
1071 2619 1210 2686 Thomna

119 2717 370 2785 Cantnariensis
384 2719 643 2807 ArcbiepIscopi
656 2723 851 2789 meminerit.

569 2945 667 3010 Idem
690 2945 764 3010 160.

159 3091 239 3158 Nec
254 3093 318 3158 abs
331 3113 369 3159 re
382 3095 456 3173 erit,
478 3096 509 3161 si
522 3115 598 3181 qnae
612 3096 785 3181 Iosephus
807 3102 918 3162 noster
931 3093 1073 3160 manus
1086 3109 1154 3154 uon
1169 3089 1210 3154 de

115 3193 247 3276 populo
260 3194 366 3262 Podta
379 3198 459 3266 otim
473 3199 507 3263 in
521 3218 586 3265 sue
599 3197 828 3278 Antiocheide,
841 3201 876 3263 in
890 3197 1070 3263 Atthurum
1082 3193 1212 3267 cecinit,

115 3296 177 3360 bic
194 3295 381 3382 adjungam.
424 3299 566 3386 [Versus
578 3303 683 3370 babes
696 3301 731 3367 iu
745 3300 809 3365 tine
822 3299 988 3365 Notarum
1001 3294 1072 3373 rra]

572 3510 668 3576 Idem
686 3509 763 3574 261.

156 3644 231 3709 Hic
246 3642 306 3707 ille
320 3648 374 3707 est
387 3643 519 3724 Scteva,
542 3643 641 3728 cujns
657 3644 762 3708 virtus
775 3643 809 3707 in
822 3640 914 3707 bello
928 3639 1020 3705 civiti
1035 3639 1212 3726 Dyrrachii

7 3812 8 3817 ,
112 3745 304 3812 clarissime
319 3744 467 3825 emicuit,
483 3766 649 3832 quemque
662 3747 797 3812 natione
813 3745 1008 3814 Britannum
1021 3743 1126 3808 tuisse
1141 3741 1211 3807 Po-

7 3906 11 3923 ,
111 3845 176 3909 &ta
191 3850 306 3910 noster
316 3844 488 3930 Iosephus
501 3849 537 3914 in
551 3846 773 3913 Antiocheide
787 3845 910 3933 prodit,
918 3844 972 3911 lais
985 3844 1026 3910 de
1039 3842 1213 3911 Britannia

111 3945 296 4011 versibus:

205 4038 302 4110 Hinc
316 4054 349 4114 et
362 4048 485 4118 Soaeva
499 4060 605 4135 satas,
620 4072 699 4137 pars
712 4071 779 4118 non
795 4051 940 4118 obscura
954 4046 1116 4115 turnultus

201 4146 338 4227 civius,
350 4149 513 4234 Magnam
529 4156 621 4220 solus
636 4155 693 4239 qui
705 4154 789 4220 mota
805 4151 917 4217 solnta

195 4251 362 4332 Obsedit,
377 4255 561 4340 meliorque
576 4257 669 4322 stetit
681 4276 741 4341 pro
756 4254 892 4349 Caesare
906 4271 1031 4318 murus.
