3006 4906
430 402 480 449 nn
503 394 633 450 suern.
656 401 783 451 raosn
805 402 953 452 urerer.
1166 388 1232 457 82⁷

131 550 275 616 Hector
286 545 363 612 init.
409 543 594 609 Diomedes
608 548 642 608 et
658 543 800 629 Ulysses
814 545 925 610 dicere
939 551 1122 630 coeperunt,
1136 549 1231 615 Troi-

131 651 211 717 lum
225 669 292 715 non
305 649 418 712 miuus
433 646 554 711 fortem
566 646 673 745 virum
688 666 765 711 asse
778 666 881 730 qnam
896 647 1096 714 Hectorem:
1111 650 1231 734 sicque

134 750 306 815 Menelao
319 749 515 813 resistentes
528 746 653 811 ballum
667 748 735 827 geri
756 747 984 830 prohibebant.
1028 747 1171 816 Calchas
1184 773 1230 818 ex

132 851 283 933 augurio
295 848 481 932 respondit,
497 847 617 912 debere
630 866 788 930 pugnare,
801 868 863 913 nec
876 868 993 914 curare
1006 848 1119 932 quod⁷
1131 853 1230 917 modo

137 952 332 1035 superiores
345 948 484 1031 Trojani
496 948 627 1011 inerint.
671 948 755 1031 [31]
774 949 924 1032 Tempus
938 968 1058 1033 pugnes
1075 968 1231 1034 superve-
1248 1016 1252 1023 ,

137 1053 202 1118 nit.
248 1052 489 1133 Agamemnon,
505 1048 691 1126 Menelaus,
708 1050 898 1128 Diomedes,
921 1049 1027 1134 Ajax,
1049 1052 1231 1119 exercitum

137 1153 305 1218 educunt:
332 1158 451 1216 contm
476 1149 625 1232 Trojani.
689 1151 746 1214 Fit
774 1172 891 1234 magna
919 1151 1041 1228 cades,
1067 1161 1232 1236 pugnatur

137 1255 273 1330 acriter,
285 1259 423 1335 uterque
439 1252 607 1316 exercitus
619 1252 705 1316 iuter
718 1274 754 1316 se
769 1255 922 1317 saevinnt.
963 1253 1098 1317 Troilus
1113 1252 1231 1318 Mene·

136 1355 237 1419 lauru
251 1353 390 1429 sanciat,
402 1352 526 1418 multos
538 1350 705 1430 interficit,
717 1353 861 1435 Argivos
872 1354 905 1417 in
916 1358 1026 1419 castre
1036 1353 1149 1437 iugat3
1163 1373 1231 1419 nox

139 1455 296 1538 praelium
311 1453 442 1518 dirimit.
487 1453 630 1519 Postera
643 1454 697 1519 die
711 1454 844 1519 Troilus
859 1460 893 1520 et
901 1454 1093 1520 Alexander
1105 1456 1231 1519 exerci-

138 1566 214 1621 tum
243 1556 399 1622 edncnnt.
458 1553 583 1619 Contra
612 1574 728 1619 omnes
757 1553 874 1638 Argivi
903 1556 1087 1639 prodeuntr
1109 1557 1230 1622 acriter

138 1658 308 1740 utrimque
332 1660 506 1739 pugnatur.
547 1654 681 1719 Troilus
700 1655 897 1720 Diomedem
912 1657 1063 1721 senciatr
1085 1657 1125 1720 in
1140 1654 1230 1739 Aga·

137 1777 353 1823 memnonem
376 1756 628 1838 impressionem
642 1753 734 1830 facit,
748 1772 879 1818 necnon
894 1754 1015 1819 faciem
1030 1756 1137 1838 ipsius
1152 1775 1230 1821 san·

139 1860 225 1933 ciat,
252 1856 399 1939 argivos
420 1857 529 1922 cadit
572 1856 638 1920 Per
664 1855 797 1938 aliquot
817 1854 893 1918 dies
918 1861 1081 1937 pugnatur
1102 1856 1231 1935 acriter,

141 1960 254 2024 multa
265 1959 372 2023 millia
385 1957 552 2024 bominum
568 1976 610 2021 ax
627 1966 764 2040 utraque
777 1960 868 2038 parte
881 1954 1097 2019 trucidantur.
1139 1954 1231 2037 Aga·

140 2081 312 2136 memnon,
335 2067 373 2125 ut
395 2060 483 2125 vidit
504 2058 664 2141 majorem
690 2065 819 2139 partem
843 2056 1009 2120 exercitus
1026 2074 1064 2119 se
1079 2056 1231 2139 quotidie

140 2163 305 2239 emittere,
331 2180 438 2246 neque
454 2159 605 2225 sufficere
621 2178 737 2242 posse,
757 2158 858 2222 mittit
871 2156 1024 2220 inducias
1038 2162 1173 2240 petere·
1195 2159 1229 2222 iu

138 2284 201 2331 sex
214 2283 357 2330 meuses
403 2263 560 2327 Priamus
575 2260 752 2326 concilium
768 2259 867 2341 cogit,
891 2257 1016 2321 indicet
1030 2256 1229 2339 Argivomm

137 2367 349 2449 legationem.
392 2363 528 2429 Troilus
542 2362 727 2444 negatdari
750 2369 818 2423 tam
843 2358 944 2441 longo
965 2363 1112 2441 tempore
1136 2359 1231 2425 indu·

141 2469 226 2544 cias,
240 2467 299 2531 sed
313 2467 430 2549 potius
444 2465 693 2549 impressionem
707 2457 801 2540 lieri,t
819 2480 922 2525 naves
947 2458 1091 2524 incendi.
1135 2460 1230 2526 Pria·

139 2588 219 2632 mus
231 2568 312 2652 quid
327 2568 450 2650 cuique
464 2565 614 2630 videatur
633 2564 745 2628 dicere
766 2564 921 2646 imperat.
976 2561 1140 2626 Omnibus
1155 2563 1229 2645 pla·

140 2670 243 2734 citum
258 2675 321 2748 est,
336 2669 459 2733 debere
473 2667 544 2731 ficri
558 2665 648 2750 qnod
664 2665 779 2749 Argivi
794 2670 928 2747 petunt:
944 2669 1024 2727 tunc
1038 2662 1230 2728 fiuntindu·

138 2771 203 2836 cim
219 2772 254 2835 in
269 2788 335 2834 sex
347 2788 488 2834 menses.
531 2762 761 2849 Agamemnon
775 2765 955 2831 honorilice
970 2784 1051 2830 snos
1065 2765 1230 2847 sepelien-

138 2873 204 2939 dos
221 2881 340 2937 curat:
363 2870 575 2948 Diomedem,
593 2868 786 2932 Menelaum
803 2868 940 2933 sancias
955 2873 1060 2931 curet„
1095 2865 1231 2950 Trojani

137 2994 238 3059 reque
254 2993 340 3038 snos
355 2972 531 3056 sepeliunt.
575 2971 667 3036 Dum
681 2969 825 3034 induciae
834 2975 927 3044 sum,
942 2965 1171 3050 Agamemnon
1184 2985 1231 3031 ex

136 3075 275 3140 consilii
288 3075 456 3139 sententia
471 3068 697 3138 ad'Achillem
720 3090 796 3134 cum
824 3070 970 3135 Nestora
993 3065 1230 3151 proficiscitur,

137 3183 176 3239 nt
189 3183 325 3256 rogaret
338 3195 414 3241 eum
437 3176 473 3255 in
495 3172 620 3238 bellurn
643 3171 786 3255 prodire.
830 3169 978 3234 Achilles
993 3166 1099 3232 tristis
1113 3182 1231 3246 negare

140 3277 253 3359 coepit
266 3295 303 3338 se
317 3276 531 3358 proditurum,
545 3275 606 3339 sed
621 3292 740 3358 pacem
764 3273 834 3354 peti
856 3278 1017 3353 oportere,
1032 3263 1189 3346 conqueri
1200 3272 1231 3328 :⁸

169 3535 370 3600 rounam.
393 3592 399 3599 ,

635 3676 742 3729 NOTAE

170 3788 183 3814 ·
200 3777 285 3827 liittit
300 3774 409 3825 wacta
422 3775 513 3838 petere]
537 3774 667 3824 ‘Petere’
710 3771 757 3822 re!
790 3769 841 3821 Ubi
862 3766 938 3817 deest
963 3765 1069 3816 verbam
1095 3766 1232 3818 sonoros

138 3868 191 3920 pro
202 3850 346 3916 ‘petitum’
371 3848 443 3909 virg.
461 3848 602 3911 ‘Suspensi
616 3849 669 3898 Eu·
709 3845 903 3912 significationis
914 3841 1118 3906 remunerem
1140 3856 1236 3908 nempe

139 3924 669 3995 rypylnmrcitatnmoracnlal’boebiltit·
708 3922 782 3985 dicit,
793 3925 912 3987 imperat.
939 3920 980 3969 De
988 3932 1041 3984 quo
1051 3916 1172 3983 loquendi
1180 3932 1233 3969 mo-

137 4000 243 4057 rimas!
708 3999 854 4050 dorbande
862 3993 1052 4061 spndDietyn.
1251 3990 1255 3999 '

172 4080 186 4114 ¹
199 4078 250 4128 M
264 4078 341 4141 potin
351 4074 525 4138 inueniam
533 4075 604 4138 flers]
625 4076 667 4126 Sic
740 4068 1234 4139 reaque]1tepera‘eoptr,'reon·

131 4170 200 4210 mox
213 4154 266 4203 bac
277 4152 385 4217 pagins:
404 4148 524 4213 ‘Negare
542 4151 623 4211 erepit
638 4165 668 4200 re
707 4150 788 4201 moal.

131 4230 313 4301 proditurum,
324 4224 371 4277 ced
389 4236 480 4288 pacem
496 4223 552 4288 peti
566 4230 668 4287 oporte·
