3034 4928
442 1091 999 1198 LECTORIBUS

528 1397 664 1473 LUD.
717 1397 917 1473 SMIDS.

576 1710 875 1724 m—

178 1976 514 2082 Quauuoouruuu
542 1997 733 2078 Scriptores
759 1997 902 2062 Troicos
925 1997 1060 2064 laudare
1088 1999 1265 2081 multisque

180 2096 357 2160 verborum
375 2099 521 2180 phaleris
543 2116 717 2174 exornare,
732 2103 821 2162 vetut
834 2098 949 2161 horum
963 2098 1109 2180 dignitas
1131 2107 1167 2162 et
1181 2117 1266 2181 pree·
1363 2094 1371 2111 ⁸
1402 2170 1408 2183 ,

180 2196 320 2271 atsutia,
350 2196 562 2261 solummodo
579 2198 665 2261 hanc
695 2197 887 2274 editionem,
916 2217 1038 2262 noveru
1073 2201 1118 2275 et,
1147 2198 1177 2261 si
1202 2216 1266 2258 non

181 2295 510 2373 emaculatissimem,
539 2298 708 2378 prioribus
744 2296 864 2359 saltem
892 2295 1152 2359 emendatiorem
1180 2314 1269 2358 com·

186 2393 345 2455 mendara
365 2402 417 2457 est
430 2397 563 2458 animus.
606 2395 698 2473 Quid
713 2395 777 2457 'hio
792 2393 893 2474 igitur
906 2392 1169 2475 praestiterimus,
1184 2392 1269 2458 Iseo·

184 2496 276 2554 tores
292 2493 451 2568 benevoli,
465 2495 585 2575 paucis
596 2494 756 2575 accipite.

231 2607 256 2651 ι.
278 2589 420 2672 Dictyos
436 2593 636 2675 Daretisque
651 2599 855 2669 contextum,
870 2612 891 2656 a
910 2593 1159 2676 typothetarum
1175 2593 1266 2656 vitiis

180 2686 320 2772 (mirum
343 2710 442 2772 quam
466 2690 710 2775 frequentibus)
732 2693 993 2775 repurgavimus,
1018 2699 1053 2755 et
1068 2710 1203 2775 prorsus
1219 2693 1267 2755 in·

182 2799 375 2872 corruptum
388 2791 468 2855 dare
484 2792 594 2856 conati
611 2792 745 2856 luimus.
1134 2872 1138 2881 ‚

230 2904 271 2949 ιι.
293 2888 534 2955 Annotationes
548 2891 780 2956 eruditissimas
794 2897 964 2966 matronae,
979 2888 1086 2953 Annae
1104 2889 1268 2959 Daceriae,

182 2991 433 3073 typothetarum
446 2991 534 3055 forte
552 2991 691 3069 incuria,
704 2992 883 3055 innumeris
898 2992 931 3054 iu
946 2991 1033 3054 locis
1056 2990 1186 3054 sordide
1201 2990 1268 3052 dis-

184 3090 323 3166 tinctas,
334 3091 406 3173 (cni
421 3097 519 3156 vacat
532 3110 607 3154 cnm
618 3091 682 3154 hac
691 3098 807 3154 nostra
817 3091 997 3154 editionem
1006 3088 1152 3152 conterre
1162 3087 1269 3151 Galli·

173 3209 275 3266 cam,
285 3190 349 3253 hoc
359 3209 475 3272 negare
484 3190 616 3254 minime
630 3188 781 3274 poterit,)
794 3189 1063 3265 instauravimus,
1079 3185 1270 3252 emendavi·

184 3308 275 3366 mus,
289 3289 528 3371 supplevimus.

236 3404 292 3452 ιιι.
326 3389 435 3453 Notas
465 3390 603 3471 integras
631 3389 807 3454 illustrium
838 3390 992 3462 virorum,
1019 3385 1096 3450 Jos.
1119 3384 1270 3455 Mercari,

189 3485 295 3567 Gasp.
317 3487 454 3556 Barthii‚
469 3486 539 3550 Ulr.
554 3486 724 3564 Obrechti,
739 3487 836 3551 Paul.
850 3485 1035 3567 Vindingii,
1051 3485 1168 3550 doctas
1194 3504 1271 3548 saue

187 3596 226 3650 et
235 3586 410 3670 jucundas,
424 3586 620 3670 adjecimus.

121 3694 126 3701 ’
236 3703 286 3748 ιν.
309 3685 452 3768 Propter
479 3687 602 3751 heroici
626 3687 805 3770 argumenti
831 3686 1023 3766 elegantiam
1054 3703 1186 3769 quoque
1209 3684 1271 3748 Jo-

189 3786 288 3868 sephi
310 3785 513 3850 Exouieusis
536 3789 609 3850 aive
632 3787 745 3851 lseaui
765 3786 805 3849 de
827 3785 918 3849 hello
939 3784 1089 3868 Trojano
1108 3783 1272 3865 egregium

190 3904 333 3961 munau,
357 3886 448 3949 Sam.
468 3887 634 3952 Dresemii
659 3887 748 3952 uotis
771 3886 897 3968 optime
920 3885 1131 3963 illustratum,
1146 3883 1274 3948 addidi·

191 4004 289 4049 mna:
311 3986 419 4049 dietas
433 4005 514 4050 vero
527 3996 625 4053 notas
637 3987 813 4051 admodum
825 3985 1021 4068 negligenter
1032 3986 1274 4069 consarcinatae

188 4104 236 4150 ae
257 4084 443 4163 distinctas,
457 4094 641 4168 peratteuto
655 4086 798 4169 quodam
821 4083 961 4148 Erudito
983 4086 1174 4169 adjuvante,
1190 4084 1275 4165 poli-

186 4192 247 4250 tas
261 4190 296 4248 et
308 4194 485 4250 accuratas
500 4188 735 4272 expressimus.

255 4300 377 4363 nenas
390 4300 530 4350 umens.
657 4300 799 4349 breem.
1186 4295 1209 4345 Α

265 4548 299 4623 l

256 4646 278 4691 J
