3006 4906
329 519 745 597 CORNELIUS
808 523 1034 598 NEPOS

423 708 687 776 SALLUSTIO
710 709 884 776 CRISPO
908 711 944 775 S.

137 885 240 974 Curt
255 911 361 976 multa
378 910 520 975 Athenis
535 909 783 976 studiosissime
797 931 941 994 agerem,
965 911 1076 976 inveni
1097 912 1230 978 histori-

138 1030 192 1074 am
211 1004 345 1074 Daretis
361 1011 509 1092 Phrygii,
529 1010 637 1093 ipsius
652 1031 752 1075 manu
768 1014 939 1097 scriptum,
961 1020 1001 1076 ut
1015 1014 1131 1078 titulos
1144 1015 1232 1077 indi·

136 1120 204 1188 cat,
242 1131 342 1194 qoam
366 1112 409 1175 de
445 1110 577 1176 Graecis
604 1119 638 1175 et
664 1113 908 1195 Trojanismem
936 1114 1016 1178 oriae
1042 1114 1231 1178 mandevit¹

136 1212 249 1293 Quam
271 1233 334 1296 ego
356 1231 486 1276 maimo
510 1230 626 1275 amore
645 1213 858 1294 complexus,
882 1214 1041 1278 continuo
1066 1213 1231 1279 transtuli.

137 1312 204 1378 Cui
218 1314 302 1377 nihil
317 1312 539 1397 adjiciendum
551 1311 605 1376 vel
620 1312 865 1376 diminuendum
880 1312 1080 1378 reformandi
1093 1320 1106 1349 ²
1128 1333 1232 1378 causa

138 1414 274 1496 patavi,
287 1416 435 1498 alioquin
460 1433 536 1477 mea
557 1419 673 1496 posset
685 1413 802 1479 videri.
846 1411 1018 1497 Optimum
1039 1434 1116 1498 ergo
1140 1414 1233 1490 duxi,

137 1533 217 1595 rere
232 1520 267 1577 et
280 1514 477 1596 simpliciter
492 1514 691 1596 perscripta,
713 1515 830 1579 sieam
847 1513 890 1579 ad
906 1516 1068 1579 verbum·
1089 1518 1124 1580 in
1140 1514 1232 1581 Loti-

136 1616 277 1679 nitatem
294 1622 562 1690 transverterem,
572 1621 609 1677 ut
620 1613 768 1694 legentes
782 1634 981 1696 cognoscere
992 1614 1140 1698 possent,
1149 1636 1232 1699 quo·

137 1714 239 1779 modo
260 1715 315 1778 hae
330 1733 382 1778 res
397 1721 503 1796 geste
517 1718 648 1778 esseut:
671 1721 778 1778 atrum
804 1716 909 1797 magis
934 1735 1014 1780 vera
1034 1717 1233 1792 existiment,

137 1834 218 1899 quae
241 1815 354 1878 Dares
376 1814 541 1896 Phrygius
562 1814 731 1878 memoriae
758 1815 1016 1890 commendavit,
1031 1817 1086 1898 qui
1113 1835 1173 1897 per
1198 1815 1232 1880 id

86 1908 96 1919 '
137 1922 277 1999 tempas
299 1915 385 1979 vixit
404 1922 438 1979 et
459 1913 627 1990 militavit,
641 1933 709 1996 quo
732 1913 847 1978 Graeci
872 1914 1040 1997 Trojanos
1063 1934 1233 1997 oppugna·

139 2026 234 2094 roat3
249 2035 291 2079 an
306 2015 451 2080 Homero
464 2013 676 2091 credendum,
688 2015 746 2097 qui
760 2023 840 2099 post
851 2015 977 2079 multos
993 2013 1120 2079 annosb
1134 2020 1233 2078 natus

139 2122 206 2193 est,
222 2136 319 2199 quam
342 2118 462 2181 bellum
484 2115 550 2179 hoc
574 2122 704 2196 gestum
728 2116 867 2181 suisset:
891 2117 932 2179 de
955 2135 1024 2197 qua
1042 2135 1076 2179 re
1094 2117 1232 2180 Athenis

131 2217 301 2303 judiciam
316 2216 389 2293 suit,
405 2236 481 2281 eum
504 2236 568 2297 pro
590 2217 731 2279 insanoe
757 2215 928 2280 Homerus
943 2217 1128 2295 haberetur,
1142 2216 1232 2299 quod

138 2317 233 2381 Deos
246 2338 322 2382 cnm
336 2318 531 2382 horninibus
547 2318 761 2399 belligerasse
776 2316 970 2401 descripsit.
992 2317 1059 2382 Sed
1074 2318 1232 2382 hactenus
1309 2362 1314 2373 .

139 2420 221 2483 ista.
266 2419 366 2485 Nunc
381 2419 425 2483 ad
442 2418 629 2533 pollicitum
642 2427 859 2483 revertemur.

598 2580 643 2599 ou
647 2580 776 2601 “HOMO

172 2690 186 2735 1
203 2682 301 2744 Delph-
310 2681 353 2743 qut
363 2682 388 2729 d.
401 2681 434 2728 G.
445 2695 466 2729 e.
480 2680 507 2730 Τ.
518 2695 549 2728 er.
559 2666 743 2739 emoriar,
752 2693 810 2728 autu
820 2681 868 2729 hee
878 2686 952 2729 eote:
970 2687 980 2710 ⁴
990 2679 1021 2729 ld
1030 2687 1085 2730 eet:
1120 2681 1144 2731 rri
1156 2696 1234 2744 rupee

139 2748 220 2798 nbat
232 2745 335 2795 omen
346 2754 374 2792 et
384 2745 502 2807 Trojauis
513 2745 658 2805 posteritati
670 2743 930 2793 commendattrr.’—²
947 2745 1042 2809 Delph.
1052 2696 1233 2811 reformate,

135 2822 164 2862 et
175 2826 239 2861 mox
250 2810 331 2859 hahet
341 2822 390 2858 me
401 2818 462 2857 aute
471 2809 554 2870 posti.

638 2887 744 2937 NOTAE

166 2995 179 3020 ⁸
197 2984 451 3048 mmmmm}
468 2982 669 3057 ‘Eam'nempe
739 2982 806 3032 elle
824 2997 869 3046 qao
887 2996 914 3031 re
932 2983 1162 3043 Atheuirjedier'am
1175 2981 1237 3043 suit,

132 3064 308 3120 ‘brutorum
331 3072 463 3121 repertore
480 3059 535 3118 rlla,
550 3057 628 3107 ‘rere
642 3064 669 3105 et
708 3074 761 3109 earu
782 3073 826 3122 pro
851 3059 945 3122 imo]
978 3058 1021 3107 lta
1042 3059 1090 3106 hoe
1111 3057 1235 3118 scripturn

133 3137 296 3202 simpliciter
325 3132 487 3198 perscripta:
516 3141 576 3182 suut
603 3132 671 3182 texti
710 3142 761 3194 ert,
782 3143 811 3184 ut
830 3133 890 3183 inde
907 3133 964 3196 quir
982 3131 1130 3181 existimare
1147 3130 1236 3192 poerit,

132 3228 234 3264 euos:
251 3211 331 3259 series
342 3217 392 3270 est,
401 3209 525 3270 optimum
534 3207 605 3268 dori,
613 3221 670 3256 enm
712 3209 820 3259 Athenis
831 3210 891 3259 olim
903 3206 1036 3269 injudicio
1048 3211 1132 3253 actoru
1148 3203 1236 3265 tirius,

133 3304 170 3338 a
185 3285 298 3336 historia
316 3298 377 3333 vere
394 3292 421 3333 et
442 3282 595 3345 simpliciter
613 3296 671 3345 per·
712 3284 836 3333 Daratine
853 3282 939 3345 potius
958 3294 990 3329 au
1004 3279 1117 3327 Homero
1130 3278 1237 3326 creden·

136 3360 567 3429 scriptorit‚rieamlnl.rtinum
579 3373 672 3408 rerrrro·
712 3359 772 3406 doro
805 3355 884 3412 forat,
911 3354 998 3416 ibique
1027 3351 1166 3423 Humerpor
1190 3367 1236 3414 pro

134 3457 199 3493 nerrr
213 3446 404 3491 converterem·
713 3432 801 3481 insano
827 3434 955 3479 exactum·
1000 3425 1076 3478 Quod
1106 3425 1164 3490 quis
1193 3441 1238 3475 on·

167 3511 510 3579 bQnipeetrrrrrltoetuuroe]
533 3509 575 3558 De
594 3514 672 3558 oetete
713 3503 918 3570 quameudtritl
954 3501 1033 3566 Atqui
1050 3502 1174 3550 uonlllad
1193 3516 1236 3551 vo·

131 3592 252 3646 Homeri
263 3590 329 3640 nrire
340 3585 617 3637 reteresdiuentiont.
638 3585 673 3634 Et
713 3581 761 3630 luit
770 3581 872 3643 ineptus
882 3577 1011 3642 seriptum
1035 3575 1081 3626 red
1099 3575 1161 3626 illud
1180 3585 1237 3627 tan·

129 3685 228 3721 eoram
241 3665 358 3717 omnium
370 3663 503 3728 opiniones
515 3658 622 3717 referre,
634 3661 673 3709 ni·
714 3665 777 3718 tunt,
788 3655 867 3705 tntae
878 3655 937 3704 olim
950 3653 1068 3713 Athenis,
1084 3651 1130 3717 qai
1142 3652 1238 3702 Home·

131 3747 308 3807 mblongum
320 3747 399 3789 earet.
422 3739 479 3802 Ego
490 3738 609 3787 existimo
617 3751 673 3786 eor·
713 3748 768 3784 rom
783 3734 890 3783 stultum
907 3729 1063 3795 judicarent,
1077 3728 1146 3794 quod
1167 3731 1237 3780 Deor

133 3819 248 3871 tinimie
260 3814 420 3878 argumentis
431 3813 515 3863 evinci
532 3825 617 3875 poete,
627 3809 673 3860 flo·
714 3823 771 3861 eum
780 3806 921 3858 bominibus
934 3812 1076 3869 pugnantes
1088 3803 1238 3865 iuduceret3

132 3896 228 3946 minoe
247 3893 319 3942 illurn
340 3891 410 3941 eirca
431 3887 612 3953 Olympiadem
631 3891 671 3936 20.
713 3894 740 3936 et
754 3886 889 3935 Platonem
901 3880 1031 3943 iutelligit,
1043 3880 1086 3944 qui
1096 3879 1129 3927 tle
1141 3878 1237 3929 Home·

135 3979 268 4032 tempore
288 3966 352 4028 repis
371 3966 466 4017 Nature
486 3968 543 4013 488.
568 3961 674 4013 circiter
714 3963 863 4027 rolniquoru
871 3957 933 4008 illutl
936 3957 1063 4021 judicium
1073 3957 1141 4007 tulit.
1156 3956 1238 4021 Aqua

131 4043 221 4097 sarria
240 4049 301 4104 port
315 4040 417 4104 ‘frojam
436 4046 549 4102 ceptam.
568 4043 596 4087 et
614 4045 674 4087 aute
715 4039 757 4089 alli
769 4037 861 4086 merito
877 4033 1057 4083 dissentientes
1073 4031 1240 4096 affirmarunt,

128 4122 280 4176 christum
288 4125 373 4167 urtonr
381 4114 590 4166 metitaollm
602 4119 676 4175 pater
715 4115 795 4163 solum
807 4110 948 4160 Homerum
966 4114 1011 4157 aut
1026 4108 1120 4159 vidisse
1137 4117 1183 4160 eut
1198 4124 1238 4159 os·

124 4212 224 4259 meos,
246 4196 274 4245 in
292 4194 380 4245 libello
401 4191 513 4254 Gallico,
532 4188 565 4239 de
585 4188 675 4239 Politle
715 4188 828 4240 tendisse
838 4185 932 4234 former
942 4183 1064 4235 Deorum.

127 4275 254 4331 Gracia,
