3034 4928
538 432 659 482 scm
682 433 830 482 riolos.

502 654 567 730 lv.
609 664 866 732 MAGHAON.

536 814 611 879 irre.
626 832 652 879 r.
673 814 766 880 cir.
783 815 838 882 li.

168 960 388 1028 ‘Podalirius
403 966 438 1026 ei
453 958 634 1049 Muchuou,
648 962 1064 1047 useeemes,AEseu1epio
1079 963 1190 1047 geuiii,

237 1063 339 1131 acciri
354 1061 449 1126 adid
465 1061 658 1140 beilum,ob
673 1064 841 1129 solertium
862 1062 1008 1130 Medicis
1024 1064 1128 1129 urtis'

172 1193 389 1273 Hionios,
403 1194 591 1278 AEsculupii
612 1194 702 1260 lilius
724 1193 888 1278 fraterque
902 1196 1088 1275 Podalirii3
1106 1195 1144 1279 iu
1160 1200 1247 1285 urie⁸

122 1294 267 1360 medica
279 1295 369 1360 adeo
390 1295 511 1372 clurus,
524 1303 563 1361 ut
583 1295 656 1379 ejus
670 1314 791 1360 nomeu
816 1295 934 1361 Pedite
956 1296 1155 1381 simpliciter
1168 1316 1228 1380 po·

125 1402 218 1460 mi
230 1414 296 1478 pro
308 1395 454 1461 medico.
499 1395 557 1460 Sic
571 1396 689 1460 etenim
705 1393 851 1461 Martini.
865 1413 905 1458 ιι.
919 1397 971 1462 16.
987 1399 1020 1462 5.

224 1493 316 1573 Quid
329 1497 390 1562 tibi
405 1517 483 1563 eum
497 1497 652 1562 medicei
674 1496 803 1562 dimitte
814 1495 1021 1564 Machaonas
1035 1517 1161 1564 omues·

173 1595 259 1662 Nou
273 1598 382 1664 solum
403 1618 480 1665 cum
500 1599 637 1682 reliquis
652 1597 798 1664 Groeeioe
821 1600 1034 1683 principibus
1046 1599 1226 1684 'l'rojunum

125 1706 286 1789 suseepit
300 1707 568 1790 expeditionem
583 1726 699 1772 verum
715 1705 877 1792 Virgilius
891 1728 966 1774 eum
980 1716 1130 1774 uumerui
1142 1712 1228 1776 ister

127 1825 209 1883 eos,
224 1808 284 1890 qui
298 1827 387 1891 equo
401 1809 517 1874 votivo
530 1809 664 1885 inclusi,
677 1807 790 1893 'l'rojee
804 1816 919 1893 portus
934 1809 1006 1875 suis
1019 1825 1205 1875 resumunt
1217 1830 1228 1871 e

129 1922 268 1990 nempe,
283 1922 326 1972 11.
341 1909 418 1973 AEu.
433 1909 511 1975 263.

436 2025 521 2091 Illos
541 2025 733 2108 patefactus
747 2024 791 2089 ed
805 2043 907 2090 surus

222 2122 352 2192 Reddit
364 2145 478 2209 equus,
491 2127 631 2210 laetique
646 2145 733 2193 euve
748 2145 785 2190 se
794 2127 915 2192 robore
929 2131 1086 2210 premunt

222 2220 420 2305 lissudms,
433 2227 672 2311 Sthenelusque
687 2227 792 2292 duces
805 2232 839 2292 ei
852 2227 943 2291 dirus
958 2225 1114 2308 Ulysses,

225 2327 421 2391 Demissum
432 2327 521 2409 lapsi
535 2347 594 2411 per
608 2329 737 2392 limem:
760 2325 1004 2409 Albamque,
1017 2324 1207 2409 Thoasque,

226 2424 429 2509 Pelidesque
444 2426 702 2510 Neoptolemus,
716 2426 907 2511 primusque
920 2423 1101 2490 Machaon.

179 2554 332 2621 'l'uudem
362 2558 495 2622 occisus
525 2567 580 2623 est
608 2559 652 2623 ab
683 2557 867 2643 Eurypylo,
888 2555 1034 2641 Telephi
1056 2555 1136 2620 lilio.
1179 2556 1226 2636 Q.

129 2659 330 2743 Smyrnaeus
343 2659 418 2745 (qui
434 2658 579 2724 Calaber
599 2659 711 2744 vulgo.
725 2659 803 2724 vide
816 2656 1103 2736 Vossium‚Poei.
1114 2656 1227 2724 Graec.

129 2759 183 2839 9.)
213 2767 314 2824 sexto
343 2761 456 2843 operis
483 2759 582 2823 libre.
626 2759 787 2844 Sepultus
817 2765 927 2825 eutem
956 2759 1123 2835 (rotenis,
1151 2777 1228 2841 quse

134 2859 299 2925 Lueouire
319 2861 500 2944 oppidum,
514 2858 558 2925 ud
579 2860 678 2942 cujus
706 2861 882 2937 tumulum,
894 2862 928 2924 in
949 2859 1125 2942 muguifico
1147 2865 1229 2923 tem·

128 2960 204 3045 plo,
219 2963 383 3026 variorum
406 2961 596 3026 morborum
618 2968 802 3043 poscuntur
822 2959 981 3026 remedia.
1024 2959 1094 3024 Ubi
1108 2967 1143 3023 ei
1155 2958 1227 3042 ejus

130 3062 346 3128 simulacrum
359 3081 407 3128 ex
422 3081 502 3142 uere,
516 3069 724 3129 coronatum.
768 3062 916 3129 Peusuu.
931 3061 967 3124 iu
983 3058 1133 3124 Messon.
1143 3057 1197 3122 26.

477 3290 522 3357 v.
556 3290 690 3358 Arix
711 3254 896 3357 elusus

532 3426 612 3491 Lru.
629 3443 655 3491 ι.
677 3424 837 3490 css-14.

437 3561 449 3591 ⁸
465 3556 558 3643 Ajex
574 3557 677 3635 Oilei,
703 3573 750 3621 ex
763 3550 929 3620 Locride'

175 3690 298 3768 Ain,
328 3688 418 3755 Oilei
447 3688 550 3767 iilius,
577 3690 661 3755 iuter
689 3688 887 3754 Graecorum
915 3685 1020 3750 duces
1041 3684 1227 3766 pruseriim

129 3799 247 3870 uetus,
272 3797 414 3876 propter
440 3788 678 3866 Cassandram,
704 3789 864 3872 virginem
893 3791 926 3851 ei
950 3792 1075 3862 retem,
1103 3783 1229 3849 Priami

126 3891 303 3969 filisuin
322 3892 400 3957 sede
414 3888 579 3956 Minervae
602 3891 645 3955 ub
668 3908 708 3954 eo
723 3904 963 3973 compressum.
983 3882 1079 3966 Virg.
1096 3898 1136 3948 ιι.
1150 3884 1228 3949 AEu.

128 3992 215 4061 403.
237 3991 281 4071 Q.
295 3992 500 4077 smyrneas,
516 4007 603 4055 xur.
616 3989 883 4075 l'ryphioderus,
893 3989 958 4050 ise.

179 4093 291 4174 Quum
305 4094 352 4157 ob
366 4111 519 4169 murem,
533 4111 609 4157 eum
624 4091 743 4157 ceteris
758 4089 891 4156 Grecis
905 4085 1040 4152 demum
1061 4091 1228 4170 repetens,

129 4194 258 4278 inipso
272 4193 359 4258 muri
371 4191 510 4257 fulmine
523 4200 699 4274 percussus
713 4198 766 4251 esi
788 4189 960 4248 Minervae.
1005 4185 1107 4244 Hom.
1122 4174 1188 4241 0d.
1203 4177 1229 4234 ⁸.
