3034 4928
299 810 409 898 un
450 758 618 904 '1n11
672 769 1049 929 uxorein,
1144 832 1154 842 ·

367 1076 439 1141 EX
461 1076 677 1144 JOSEPHO
704 1081 985 1161 SGALIGERO,

255 1249 310 1299 DE
341 1251 657 1304 tununnulonn
688 1253 926 1306 'fumosum
959 1256 1038 1307 utu.
1065 1256 1097 1305 V.

138 1648 369 1744 Poscanuos
397 1699 504 1744 anuos
526 1678 667 1763 Mythici
695 1682 850 1764 temporis
875 1688 1002 1746 veteres
1030 1682 1217 1766 Scriptores

15 1830 16 1839 ,
136 1779 281 1842 certatim
294 1779 426 1844 definire
443 1781 626 1858 voluerunt,
641 1780 732 1862 quod
749 1781 816 1845 sint
831 1784 999 1848 memoriae
1022 1783 1217 1868 scriptorum

15 1896 17 1949 t
137 1866 290 1958 proximi,
302 1888 340 1944 ut
354 1882 471 1946 scribit
486 1878 696 1944 Censorinus.
717 1880 783 1945 Sed
793 1901 896 1965 quare
912 1884 984 1968 ipse
997 1902 1057 1947 eos
1072 1882 1218 1948 deducet

15 1960 16 1979 ¹
139 1978 179 2039 ab
205 1978 317 2044 Inachi
339 2000 442 2063 regno
464 1980 508 2046 ad
537 1982 679 2064 primam
702 1979 947 2065 Olympiadem,
975 2002 1042 2047 non
1064 1990 1172 2048 autem
1196 2001 1217 2046 a

139 2084 236 2159 capto
252 2078 324 2158 llio,
338 2090 377 2145 ut
391 2081 523 2163 reliqui,
539 2100 676 2145 causam
692 2100 757 2145 non
772 2084 883 2166 capio.
928 2083 1007 2148 Non
1021 2090 1135 2166 potest
1149 2083 1216 2147 dici
1311 2116 1313 2121 >

139 2194 234 2259 qnam
248 2182 347 2245 variis
366 2181 505 2264 judiciis
520 2183 562 2247 lis
585 2183 750 2247 ventilata
765 2183 819 2246 sit.
863 2183 907 2249 Et
920 2182 1053 2266 quidem
1069 2183 1215 2247 omnium

15 2328 17 2343 .
142 2278 314 2345 moenum
328 2281 363 2343 in
385 2281 525 2345 medinm
547 2282 662 2346 offerre
678 2282 892 2365 ambitiosum
907 2291 971 2346 est.
991 2281 1116 2363 Neque
1131 2282 1216 2346 euim

142 2394 266 2440 encres
277 2378 403 2443 niieuns
415 2383 663 2464 triumphamus,
679 2380 738 2445 sed
753 2387 912 2464 quantum
930 2387 1044 2467 potest
1059 2380 1129 2446 fleri
1153 2383 1216 2448 tol·

15 2544 16 2551 ἵ
142 2473 249 2539 limus.
287 2476 339 2542 Ea
353 2479 451 2559 igitur
464 2489 516 2546 est
528 2480 758 2545 Tetraeteridis
773 2480 903 2547 Graecas
923 2483 1157 2561 commoditas,
1179 2490 1216 2548 nt

15 2632 16 2639 ,
138 2593 181 2637 ex
195 2575 251 2640 die
272 2580 394 2642 mensis
421 2581 549 2644 sciatur
571 2587 679 2662 quota
702 2580 748 2643 sit
769 2579 941 2664 Prytanis,
964 2581 1066 2645 modo
1087 2589 1215 2649 constet

137 2683 256 2758 quotus
270 2680 313 2743 sit
334 2698 441 2742 annus
463 2679 699 2744 Tetraetcridis.
743 2679 877 2759 Contra,
892 2682 979 2746 datis
994 2682 1112 2746 diebus
1125 2702 1215 2746 meu·

138 2776 184 2839 sis
197 2783 230 2841 et
245 2776 432 2861 Prytanias,
446 2779 714 2869 depretionditnr,
730 2789 856 2863 quotus
876 2783 920 2846 sit
934 2801 1038 2846 anons
1052 2782 1214 2848 Tetraete·

136 2875 224 2939 ridis.
266 2875 364 2942 Utin
384 2877 532 2943 Decreto
553 2876 808 2943 Atheniensium
832 2882 868 2944 iu
890 2883 1028 2963 gratiam
1046 2881 1214 2948 Zenonis:

15 3018 16 3027 κ
135 2975 200 3039 ’Es'
211 2975 354 3063 Αῤῥενῖδου
379 2975 530 3062 ἄρχοντος,
554 2976 599 3041 ἰπὶ
618 2983 667 3055 τῆς
688 2976 890 3061 Ἀκαμαντίδος
903 2978 1029 3062 πέμπτης
1042 2981 1217 3068 secretaria„

137 3085 394 3167 Μαιμακτηριῶνος·
415 3077 517 3164 texam
543 3075 657 3164 ὑστέρᾳ,
676 3079 755 3166 τρίτῃ
777 3081 824 3144 καὶ
845 3086 957 3167 εἰκοστῇ
970 3086 1018 3158 τῆς
1042 3083 1214 3168 πρυτανείας.

136 3176 182 3242 Ut
203 3182 360 3245 vicesima
374 3182 500 3245 mensis
516 3179 793 3246 Moemucterionis
808 3184 980 3267 popularis
995 3184 1040 3246 sit
1054 3184 1214 3247 vicesima

134 3280 229 3343 tertia
242 3279 503 3364 Prytanios,hoc
518 3300 585 3345 non
596 3289 713 3365 potest
728 3284 915 3365 contingere
925 3283 990 3345 nisi
1005 3300 1092 3345 anno
1106 3280 1213 3362 primo

15 3366 16 3435 Ὗ
134 3374 365 3445 Tetraeteridis.
407 3379 505 3444 Tunc
528 3382 617 3445 enim
632 3397 775 3445 xxum.
797 3378 1213 3464 Pyanepsionisestuovi·

15 3530 16 3539 ,
133 3477 263 3543 lunium.
306 3479 390 3545 Ideo
407 3495 477 3544 xx.
501 3480 786 3546 Mmmacterionis
807 3484 861 3543 est
880 3492 998 3542 xxm.
1025 3476 1212 3562 Prytanias,

15 3576 16 3651 ἶ
133 3598 228 3661 quere
236 3578 397 3645 audacter
405 3600 583 3666 possumus
592 3579 974 3657 dicere,illoddecretum
983 3578 1096 3644 datum
1106 3580 1210 3649 tuisse

15 3712 16 3719 κ
133 3695 215 3742 anno
228 3681 339 3762 primo
352 3679 580 3745 Tetrasteridis
594 3679 728 3745 Atticae.
770 3678 872 3759 Quod
887 3681 917 3745 si
932 3687 1030 3764 quota
1045 3681 1211 3748 esset'l'e·

132 3780 262 3843 neuris
283 3779 416 3862 periodi
432 3779 557 3846 Atticm
572 3783 744 3859 sciremus,
757 3772 797 3845 et*
808 3781 895 3846 diem
910 3799 1020 3845 rerum
1035 3780 1069 3843 in
1085 3778 1211 3846 Kalen·

15 3876 16 3901 ³
131 3874 217 3943 dario
244 3880 387 3945 Juliano
409 3879 486 3945 darc
513 3885 703 3965 possemus.
747 3872 869 3963 Itaque
892 3880 1041 3945 videmus
1066 3900 1141 3962 quse
1167 3884 1211 3949 sit

15 4012 16 4017 κ
130 3979 249 4044 utilitas
273 3980 355 4044 anni
369 3978 479 4045 Attici
492 3986 526 4044 et
551 3978 719 4066 Olympici
735 3981 778 4045 ad
800 3979 1005 4044 notationem
1025 3984 1209 4062 temporum

15 4142 17 4173 ἱ
127 4078 265 4146 inrebus
281 4079 443 4145 Graeciae.
486 4078 599 4159 Quare
607 4082 769 4164 ignoratio
784 4081 883 4145 istius
896 4079 1012 4144 iormae
1027 4098 1090 4143 non
1101 4081 1208 4145 solnm

15 4176 17 4333 Ι
127 4177 198 4245 huic
217 4180 363 4258 mento,
379 4179 438 4244 scd
451 4186 484 4246 ct
493 4181 615 4267 priscis
635 4181 841 4280 temporibus
854 4181 1008 4247 nocebat·
1050 4179 1106 4245 Ex
1127 4178 1209 4245 doc.-

15 4512 23 4611 r
