3034 4928
395 389 445 437 nr
467 388 644 439 srsrorrrs
671 392 779 442 snum
795 395 980 468 ,rnorem-
1186 390 1230 457 tlh

128 558 175 609 κς
191 533 342 612 βασιλώς,
357 533 389 611 if
397 531 459 595 eil
476 538 578 617 Τρῶος,
590 533 640 597 sel
654 540 679 599 ol
698 543 748 600 rui
768 536 855 600 Ἰλίου
880 541 1019 618 βασιλεῖς.
1062 541 1229 613 Videmus

131 635 171 699 in
192 635 245 699 his
266 632 404 699 eosdem
425 642 541 709 res,et
561 636 699 702 eundern
722 657 828 702 rerum
851 641 979 716 seriem,
994 642 1109 707 endem
1124 646 1229 714 ferme

132 738 225 800 bom
238 741 274 799 et
295 736 405 814 mula3
422 734 521 818 jungi
544 736 665 801 Denso
681 735 879 819 Agenorem,
895 742 953 823 qui
973 742 1061 807 illius
1082 754 1153 811 emt
1167 767 1229 830 pe·

134 840 239 912 uuus,
265 854 346 917 qnae
362 836 556 919 conjunctio
575 837 694 901 saltem
716 838 816 902 verbo
837 843 963 921 exponi
986 841 1171 924 debuisset,
1193 855 1231 914 ut

134 941 320 1013 constaret,
334 955 403 1018 qua
423 935 553 1000 retione
573 955 633 1019 per
653 937 734 1002 illos
754 938 788 1001 in
812 937 898 1003 idem
922 960 1024 1022 genus
1044 951 1080 1009 et
1094 946 1229 1012 eendem

133 1038 299 1119 originem
326 1037 537 1100 eonvenireut
566 1037 723 1102 Priamus
749 1044 784 1103 et
807 1038 954 1119 Helene,
974 1045 1075 1109 sicuti
1091 1045 1176 1129 jem,
1198 1055 1230 1114 et

132 1146 236 1216 reete,
253 1136 386 1202 monuit
401 1134 584 1213 Mercerns,
598 1144 634 1202 et
655 1138 739 1202 feeit
753 1138 933 1220 Cedrenns,
947 1142 1008 1207 sed
1028 1145 1230 1214 hauddubie

133 1237 177 1300 de
194 1256 279 1314 suo,
303 1256 382 1301 enm
403 1235 588 1318 Agenorem
609 1236 694 1302 dicit
717 1238 828 1304 Denei
854 1238 1059 1325 serpsisse.
1102 1245 1231 1313 Deinde

132 1338 312 1403 videturiu
324 1345 441 1403 nostro
450 1338 572 1420 Dietye
585 1338 770 1421 legendnm,
781 1359 847 1405 uon
858 1338 1006 1421 Hesiona,
1014 1364 1075 1409 nee
1082 1342 1231 1426 Pleione,

135 1438 199 1503 secl
216 1435 378 1515 Pleriona,
388 1438 479 1503 unde
491 1438 591 1503 lneile
604 1438 738 1504 formeri
752 1442 864 1523 potnit
877 1442 958 1507 illud
975 1441 1126 1525 Hesione,
1140 1448 1231 1530 qued

132 1540 318 1625 preferant
341 1539 425 1604 listi
446 1541 601 1624 Dictyos,
616 1558 684 1605 non
706 1540 772 1617 hic,
786 1543 844 1606 ubi
865 1544 1049 1610 mutilatum
1071 1547 1232 1613 exhibent

134 1643 199 1707 hoe
214 1661 341 1706 nemen
363 1642 472 1723 prims
485 1641 631 1723 s'yllehe,
649 1644 829 1725 legumque
852 1650 992 1722 tanturn,
1027 1644 1118 1724 Ione,
1147 1645 1231 1714 Onu,

139 1742 235 1819 Sene,
263 1743 410 1807 testibus
434 1741 585 1806 Mereero
605 1748 640 1806 et
654 1741 834 1821 Obrechto,
849 1744 906 1807 sed
923 1760 973 1807 ιν.
985 1745 1041 1811 22.
1084 1748 1131 1812 At
1151 1751 1232 1813 euti·

137 1846 307 1927 qnissims
330 1843 470 1908 Mediol.
492 1843 595 1908 editio
618 1844 707 1907 heurl
729 1841 829 1909 dubie
852 1845 925 1909 suis
944 1847 1045 1912 etiem
1063 1868 1108 1913 ex
1122 1849 1229 1915 Codri.

138 1946 374 2013 ‘Plesionem'
394 1947 450 2011 hie
464 1947 555 2028 legit,
571 1945 671 2029 plene
685 1948 736 2011 nti
756 1965 822 2010 nou
839 1947 984 2013 Meleles
997 1949 1109 2029 mode,
1124 1950 1184 2015 sed
1199 1960 1233 2017 et

140 2046 329 2126 Cehreuus,
345 2050 401 2131 qni
415 2066 598 2112 consensus
618 2067 683 2111 non
697 2046 841 2111 videtur'
852 2053 973 2114 temere
997 2051 1232 2133 repudiandus,

139 2151 298 2231 quamvis
312 2150 479 2231 ceteroqui
494 2167 600 2232 neque
620 2154 631 2186 ‘
641 2147 805 2222 Pleione’
825 2168 932 2231 neque
955 2153 966 2186 ‘
975 2149 1156 2227 Plesioue‚'
1175 2170 1233 2213 ne·

141 2255 229 2332 qee‘
245 2248 419 2311 Hesione'
433 2250 520 2312 iuter
532 2249 645 2312 Densi
657 2246 744 2311 illies
755 2248 1008 2311 memoretur-nb
1022 2247 1076 2326 iis,
1091 2248 1233 2331 qulilles

143 2368 193 2412 ex
207 2347 361 2431 professo
381 2352 578 2426 enumerent,
594 2345 802 2429 Apollodoro
817 2352 854 2410 et
876 2345 1036 2429 Hygino:
1059 2354 1175 2411 contre
1189 2350 1233 2413 eh

143 2449 301 2514 omnihus
327 2446 471 2511 Atlantis
495 2447 744 2525 exordiuntur,
768 2465 836 2510 nou
860 2447 982 2523 Densi,
1006 2446 1068 2511 sed
1104 2446 1234 2513 Oceani

143 2548 246 2629 Filia,
269 2551 343 2613 sive
365 2547 551 2624 ‘Pleione'
572 2549 646 2612 eive
671 2546 828 2626 ⁴AEthm,'
846 2548 988 2615 nemine.
1033 2546 1072 2611 ln
1088 2567 1157 2612 uno
1173 2568 1233 2613 eu·

139 2657 206 2716 tem
234 2668 387 2714 seorsum
418 2649 490 2713 shit
510 2667 533 2712 e
553 2648 715 2729 Septimio
744 2645 899 2724 Meleles,
921 2647 983 2710 sed
1013 2647 1104 2711 haud
1134 2648 1233 2714 dubie
1260 2717 1264 2722 ,

139 2752 223 2816 vitio
249 2751 419 2814 memoriae
432 2748 498 2811 -vel
519 2746 738 2829 negligentiae,
754 2747 843 2830 qnod
857 2747 1028 2811 Atlantem
1054 2746 1142 2813 hune
1157 2749 1234 2813 Ple-

140 2855 255 2920 sioues
267 2851 354 2916 feeit
367 2851 473 2914 lilium
495 2854 530 2912 et
544 2848 687 2912 Electrae
698 2848 844 2925 fratrem,
855 2867 930 2913 enm
954 2867 999 2912 ex
1019 2849 1095 2932 ipso
1109 2849 1233 2932 Dictys

138 2962 258 3019 nostro
271 2951 365 3017 huod
390 2953 511 3026 minus,
525 2966 624 3031 quem
644 2966 689 3010 ex
709 2947 863 3011 omnihus
885 2947 961 3011 eliis
975 2954 1118 3026 constet,
1138 2950 1235 3012 meri-

140 3068 212 3119 tum
224 3054 334 3118 fnisse
348 3052 510 3115 Pleiones
525 3049 597 3112 sive
611 3047 794 3118 Plesiones,
809 3047 956 3112 Electrae
972 3056 1082 3113 summ
1094 3055 1235 3129 petrem.

141 3155 297 3237 Denique
313 3153 465 3216 videmus
487 3150 740 3234 praetermisisse
760 3169 818 3214 eos
839 3148 960 3231 pariter
976 3147 1236 3220 Erichthonium,

141 3256 204 3337 qui
233 3251 482 3318 intersereudus
511 3257 583 3315 eret
612 3251 698 3315 iuter
725 3248 920 3312 Dardanum
950 3253 987 3309 et
1012 3247 1116 3319 Troe,
1140 3243 1237 3325 hujus

142 3357 273 3437 quippe
285 3358 392 3434 puter,
404 3351 496 3415 illins
509 3350 609 3415 iilius.
655 3349 778 3431 Neque
792 3346 906 3411 omisit
923 3364 999 3409 eum
1014 3343 1141 3408 Noster
1153 3344 1238 3408 inire

147 3453 347 3517 itt-Qum
364 3453 494 3533 plenius
518 3451 680 3515 familiam
693 3456 727 3515 et
749 3452 905 3530 posteros
928 3445 1076 3511 Dardani
1087 3448 1236 3531 exponit

143 3553 266 3637 Culpa
279 3551 356 3635 ejus
377 3554 422 3616 rei
437 3554 492 3617 hie
505 3553 574 3616 loci
589 3553 690 3616 heeret
708 3548 797 3615 heud
819 3547 920 3612 dubie
935 3547 969 3611 in
992 3546 1052 3611 illo
1074 3547 1161 3629 ipso,
1175 3542 1253 3630 qui'

141 3665 303 3737 tempore
323 3652 467 3717 Neronis
492 3653 653 3718 Graecum
679 3652 777 3717 nobis
802 3649 926 3732 Dictys
947 3650 1145 3731 composuit,
1167 3665 1249 3730 qno⁴

141 3757 277 3840 pariter
295 3756 348 3819 nsi
372 3753 520 3820 Mnlelns
542 3764 575 3819 et
596 3754 790 3835 Septimius,
805 3758 842 3816 nt
863 3770 908 3814 ex
928 3750 1030 3826 hisee,
1044 3749 1109 3812 nisi
1130 3747 1237 3823 iellor,

144 3854 286 3921 munde
295 3862 400 3939 petet,
412 3857 447 3919 in
460 3853 603 3919 eundem
619 3854 675 3918 hie
689 3853 876 3919 inuiderunt
887 3867 1038 3913 errorem.

192 3969 309 4018 xvrrr.
332 3954 490 4038 Sequitur
501 3973 581 4018 mox
598 3954 687 4037 apud
711 3952 891 4017 Nostrum:
914 3947 1098 4030 ‘Agenoris
1112 3949 1238 4032 quippe

139 4057 255 4123 tilium
282 4055 479 4120 Phoenioem
500 4062 534 4119 et
556 4056 675 4138 Dymee
700 4052 803 4136 petris
818 4049 1144 4125 Heeuhoe,et1edee
1160 4068 1240 4112 con·

140 4156 386 4240 sanguinitatis
397 4157 558 4239 originem
571 4152 770 4228 dimisisse’,
782 4150 870 4231 Qus
885 4152 934 4214 ite
945 4148 1241 4241 hlalelneexpres·
