3006 4906
344 498 360 525 ,
409 434 458 482 ns
482 430 762 525 exornarem
786 435 936 487 nrsroa.
1146 425 1213 492 328
1329 412 1330 415 '

113 587 226 654 catur,
236 581 269 641 et
282 576 378 660 parri
391 575 502 640 faeere
516 575 616 659 eujus
630 575 665 640 id
678 595 744 660 ope
759 577 828 644 liat.
855 580 878 645 J
882 581 962 645 ohel
972 581 1094 661 dicere,
1110 584 1141 649 si
1156 588 1212 650 oui

63 664 68 671 ⁵
113 680 201 764 qnid
215 679 361 761 placeat.
404 676 607 741 Palamedes
622 678 785 760 procedit,
808 699 906 744 suum
919 681 1083 763 ingenium
1098 692 1213 750 osten·

116 782 176 847 dit.
222 780 343 863 ltaque
359 778 477 860 Argivi
491 779 668 862 imperium
681 780 714 843 ei
728 781 883 846 tradunt.l
926 782 1125 850 Palamedes
1149 788 1212 852 An

112 885 202 965 giris
214 883 340 965 gratias
354 880 436 962 agit,
458 880 634 963 imperinm
648 882 784 965 accipit,
799 883 1021 948 administrat.
1065 884 1213 953 Achilles

111 985 285 1067 vituperas
305 981 438 1065 imperii
465 983 773 1047 commutationem.
816 983 899 1064 [ld]
921 984 1055 1050 Interea
1069 986 1212 1054 induciae

119 1089 272 1148 exeunt¹³
315 1080 518 1148 Palamedes
533 1087 686 1147 ornatum
700 1089 919 1166 paratumque
932 1086 1117 1152 exereitum
1135 1090 1214 1153 edn-

122 1186 179 1263 oit,
194 1183 337 1258 instruit,
350 1183 515 1247 hortatur.
560 1181 690 1247 Contra
702 1183 789 1247 idem
802 1184 886 1250 iacit
899 1186 1095 1270 Deiphobus
1109 1209 1117 1253 ε
1133 1210 1214 1273 pug-

118 1291 214 1350 natur
227 1284 348 1347 aeriter
361 1281 561 1365 aTrojanis.
605 1280 782 1365 Sarpedon
806 1285 933 1369 Lycius
956 1306 1030 1351 enm
1055 1290 1128 1353 suis
1152 1292 1213 1355 im·

124 1383 381 1470 pressionemin
395 1381 541 1464 Argivos
556 1381 651 1459 lacit,
667 1384 780 1460 caedit,
800 1387 978 1467 prosternit
991 1390 1128 1455 multos.
1173 1393 1214 1459 Ei
1326 1399 1332 1407 ·

121 1487 246 1550 obvius
261 1484 300 1549 fit
313 1484 530 1567 Tlepolemus
544 1483 703 1548 Rhodius
716 1494 746 1546 :⁶¹
766 1486 828 1551 sed
845 1487 904 1552 diu
928 1490 1050 1554 stando
1070 1498 1106 1556 et
1131 1513 1213 1577 pug-

117 1588 232 1652 nando
247 1585 336 1650 male
346 1585 559 1649 vnlneratusr
573 1585 683 1650 cadit.
730 1586 890 1653 Succedit
903 1587 1026 1655 Perses
1039 1589 1212 1659 Admeslaa

117 1689 232 1767 iilius:
255 1688 410 1771 proelinm
424 1687 589 1753 restituit:
611 1687 739 1771 diuque
755 1706 832 1753 oum
854 1688 1049 1772 Sarpedone
1063 1690 1213 1759 oomirms

120 1789 300 1873 pugnando
322 1788 495 1854 occiditur.
540 1789 715 1871 Sarpedon
738 1807 875 1871 qnoque
898 1792 1083 1856 multatus·
1106 1796 1214 1860 rediit.

120 1890 245 1972 Itaque
267 1908 327 1970 per
348 1888 471 1971 aliquot
493 1890 565 1954 dies
587 1890 706 1972 praelia
726 1889 821 1953 liant.
868 1886 1043 1974 Utrimque
1056 1891 1213 1959 ductores

122 1989 330 2065 occiduntur,
344 1989 403 2052 sed
418 1990 531 2072 plures
546 2009 565 2053 a
582 1990 730 2055 Priamo.
771 1988 910 2074 Trojani
924 1992 1065 2058 mittunt
1078 1992 1215 2075 legatus,

121 2089 277 2155 inducias
289 2095 414 2172 petunt,
424 2097 461 2154 ut
472 2097 624 2156 mortuos
639 2091 817 2174 sepeliant,
830 2092 965 2157 saucios
976 2102 1103 2157 curent.
1146 2094 1214 2160 Pa-

118 2188 272 2254 lamedes
283 2188 563 2271 Agamemnonem
578 2191 723 2274 legatum
736 2191 855 2255 mittit‘
879 2192 922 2255 ad
937 2192 1121 2259 Thesidae:
1145 2195 1214 2260 De·

118 2290 357 2375 rsophoontem
385 2296 418 2355 et
446 2289 693 2367 Athamantem,
719 2308 810 2372 qnos
833 2290 962 2373 legatos
988 2290 1215 2375 Agamemnon

119 2391 328 2474 praeieeerat,
342 2400 383 2456 ut
403 2400 612 2457 commeatus
630 2398 885 2474 compararent,
899 2397 934 2457 et
954 2392 1152 2458 humentium
1171 2394 1214 2457 de

119 2491 238 2575 *Mysia
249 2511 272 2556 a
285 2493 439 2576 Telepho
455 2497 631 2575 aeeeptnm
647 2497 893 2574 supportarent.
930 2492 978 2557 Ut
991 2513 1033 2557 eo
1048 2494 1148 2571 venit,
1163 2514 1214 2561 se-

152 2751 167 2779 ⁶
182 2753 228 2803 Sic
238 2751 300 2802 cdd.
311 2767 375 2818 quss
385 2752 563 2818 inspeximus:
582 2752 626 2801 se‘d
639 2751 803 2802 scribendam
815 2754 935 2802 molem

615 2895 725 2947 NOTE

149 3001 162 3027 ⁸
177 2993 265 3057 Ilagss
276 2991 652 3054 Argisiisrpsrissssimdsrl]
688 2991 847 3041 vnlneratus.

118 3066 151 3129 ld
169 3075 264 3117 contra
283 3079 372 3119 reram
390 3066 545 3116 mntcnlisru
568 3068 651 3115 Dares
722 3064 1045 3131 'PcrscsAdsssstaefilisss
1066 3063 1117 3115 Sed
1129 3077 1217 3126 supra,

119 3142 234 3205 scripsit.
257 3138 309 3192 ded
321 3139 355 3190 de
365 3141 414 3190 hoc
421 3139 477 3203 jsm
489 3140 570 3190 mults
581 3138 651 3203 spud
690 3141 797 3191 Persem
809 3140 936 3205 quendam
955 3139 1100 3189 Memnonis
1111 3136 1216 3191 socium,

118 3215 235 3278 Dictyn.
689 3215 758 3265 inter
772 3229 816 3264 sos
836 3215 878 3280 qni
888 3213 1057 3276 'l'rojsnorum
1074 3216 1161 3273 partes
1178 3223 1217 3258 ss·

153 3288 396 3354 sufflamus]
413 3288 651 3341 Nescissnlstins
690 3289 836 3353 qnebsutsr
865 3287 1061 3338 ssusmsrasltr
1088 3283 1216 3348 quomode

121 3363 177 3412 dici
201 3364 292 3426 possit,
313 3364 444 3415 ‘induciae
466 3365 582 3427 casus&
604 3379 651 3430 pro
691 3364 771 3427 igitur
790 3364 833 3412 hic
850 3365 955 3427 ineptus
975 3361 1085 3423 scriptur
1103 3372 1161 3407 eum
1180 3360 1216 3408 alt

119 3442 128 3466 ⁴
139 3439 254 3489 inducia
264 3437 387 3489 liniuntur
395 3439 414 3490 ι’
429 3442 591 3505 nequeenim
603 3441 653 3490 La.
691 3438 834 3500 Tlepolemi
845 3438 914 3488 vices
926 3436 1070 3498 suscepisse
1084 3440 1113 3483 et
1128 3440 1217 3485 contra

119 3515 176 3563 tine
188 3514 312 3574 dicerem,
324 3515 395 3563 ‘exit
405 3513 477 3563 dies’
488 3530 534 3578 pro
547 3514 653 3580 eoquod
692 3514 869 3578 Sarpedonem
881 3513 1026 3576 pugnasse?
1054 3511 1133 3561 Nulla
1144 3519 1217 3561 carte

119 3590 238 3641 Cttullns
249 3589 328 3650 disis,
338 3589 411 3638 ‘abit
421 3588 494 3639 diss.’
694 3587 796 3652 pagins,
807 3587 851 3637 ubi
862 3600 913 3636 non
925 3585 1164 3649 Daretisjudiciuru
1176 3600 1217 3636 re·

149 3663 356 3728 emoniensis
372 3664 515 3726 Tlepolemus
533 3663 652 3727 Mas]
691 3663 787 3729 quires.

121 3739 238 3789 ldutssit
249 3737 654 3800 storrr.llisd.E.’1·aquaspar
721 3741 732 3775 l
748 3738 884 3788 Palamedes
898 3734 1095 3799 mammea
1113 3741 1217 3801 legatas·

120 3814 141 3860 i·
159 3814 324 3877 ‘Amasim
334 3813 379 3871 sur
390 3831 419 3863 rr
433 3813 653 3879 plyarrq’npw
690 3814 779 3878 milii]
804 3815 900 3864 Rerum
918 3814 1104 3863 vicissitudines
1115 3816 1217 3875 mirare,

121 3887 161 3937 ir?
183 3887 279 3949 briola
298 3889 429 3953 semitas
455 3892 524 3955 palpa
545 3892 651 3954 sperula.
692 3893 782 3941 lector.
803 3888 1218 3953 ‘Hiucspicemrspsxl‘ortuns

35 3972 37 3975 ·
119 3962 317 4024 ‘Tlepolemum
334 3978 394 4014 rere
407 3963 584 4028 Heraclidem,
601 3965 652 4015 lor·
691 3977 749 4014 cnm
765 3965 874 4015 stridore
891 3969 967 4012 scuto
983 3963 1102 4025 Sustulit,
1118 3964 1160 4012 hic
1172 3977 1217 4026 po·

119 4046 233 4101 tessqsa
248 4051 424 4104 msgsnmqrrs,
437 4038 546 4103 impulit
561 4039 653 4090 adrer-
691 4040 772 4090 ruisse
783 4037 896 4103 gaudet!
918 4036 1102 4102 Agamemnon,
1112 4039 1217 4088 immen-

113 4126 167 4163 sns
183 4109 301 4160 divinum
315 4112 491 4178 sarpedonem
501 4112 583 4164 fatum
599 4113 651 4163 slo-
692 4115 714 4164 rl
726 4114 855 4164 exercitus
867 4113 942 4162 modo
955 4128 1010 4179 res,
1022 4130 1089 4167 nunc
1101 4115 1217 4164 Palame-

113 4184 245 4239 aarum?
692 4187 850 4251 dislsgstus.
882 4187 1074 4241 Ossnsmenrl

148 4261 407 4324 'Msslmsd
430 4262 653 4325 ldmtmsxime
687 4254 692 4263 ’
1129 4268 1131 4273 “
