3034 4928
379 422 430 469 na
452 418 635 469 maronis
660 414 771 469 suunt
794 406 975 471 rsosrsr.
1180 406 1226 473 ld

119 573 195 643 nisi
211 570 314 637 rerba
327 574 446 635 essent
466 568 565 634 nimia
582 564 757 651 simplicia
778 574 814 634 et
832 577 960 653 aperta,
974 586 1015 635 ae
1033 571 1106 654 jam
1123 577 1224 637 autea

125 674 254 756 Diutyn
264 672 364 737 etiam
380 668 511 734 ‘Vocis
527 668 746 735 Phoenieum'
760 669 908 733 dixisset
928 670 1117 752 ‘peritum'
1130 672 1222 755 quod

123 792 193 838 nou
205 773 279 837 'alia
293 771 426 837 ridetur
439 770 568 835 ratione
580 768 899 852 isthieexpositum,
917 788 1020 853 quam
1033 777 1070 835 ut
1082 770 1160 837 iude
1171 774 1222 838 in·

123 874 356 956 remgerauus,
378 884 450 936 non
477 874 604 935 tautum
638 869 755 946 literis,
782 869 844 933 sed
874 875 910 934 et
930 886 1014 934 roeo
1042 889 1085 935 ae
1107 871 1223 955 lingna

123 974 256 1038 Punica
269 974 335 1038 hoe
354 985 445 1055 'opus
463 991 486 1036 a
508 971 634 1054 Dietye
657 969 719 1035 illo
740 969 844 1034 samse
867 971 1048 1054 seriptum,
1062 972 1149 1036 unde
1168 976 1223 1039 ‘in

122 1073 286 1140 Graecum
307 1091 495 1138 sermonem
517 1070 704 1137 transierri'
738 1056 901 1138 debuerit.
947 1072 992 1136 Et
1012 1073 1123 1138 forsan
1151 1093 1223 1139 ure·

122 1174 278 1240 dideruut
304 1173 341 1237 id
366 1172 572 1257 posteriores
602 1171 715 1239 Groeei
737 1179 830 1238 tanto
853 1173 999 1252 facilius,
1013 1175 1095 1257 quia
1116 1174 1223 1258 stylus

123 1276 244 1342 Groeui
267 1274 425 1359 Dietyos,
445 1282 548 1358 prout
575 1274 620 1343 ad
646 1274 728 1365 illos
749 1275 914 1358 pervenit,
930 1288 1001 1339 uon
1026 1276 1224 1358 praelerebat

121 1382 250 1442 tantam
263 1376 507 1458 antiquitatem,
520 1380 679 1460 quanam
692 1375 848 1458 jactabat
862 1380 976 1440 auctor
991 1374 1125 1459 Operis.

168 1492 305 1541 xxxii.
326 1476 466 1542 Frivola
487 1482 599 1542 autem
623 1481 702 1541 sunt
718 1495 795 1560 qnae
809 1476 963 1560 Septimii
979 1476 1146 1561 Epistulas
1161 1498 1223 1563 op·

121 1578 219 1662 ponit
243 1577 437 1643 Mereerus.
478 1577 561 1642 Nou
585 1576 703 1642 extitit
724 1577 759 1641 iu
784 1576 862 1661 ejus
884 1578 1078 1648 codicibus:
1101 1576 1148 1646 At
1170 1599 1223 1644 re*

122 1681 255 1764 peritur
268 1680 304 1744 in
318 1680 407 1757 aliis,
422 1686 456 1743 et
476 1678 512 1743 iu
529 1678 573 1743 iis
594 1676 683 1745 uude
704 1668 866 1760 expressa
879 1684 932 1744 est
946 1682 1054 1762 prima
1073 1680 1223 1745 omnium

122 1780 252 1856 Editio,
269 1780 429 1862 aquibus
442 1778 593 1844 uicissim
609 1785 689 1843 tune
711 1780 810 1844 abest
830 1778 888 1843 ille
909 1778 1087 1863 Prologus.
1131 1780 1223 1846 Dein

122 1878 288 1945 ‘seriem’
309 1899 369 1944 seu
390 1894 518 1945 nexum
532 1878 670 1962 Prologi
684 1885 719 1945 et
732 1877 854 1964 Operis
869 1880 980 1964 ipsius
994 1883 1121 1947 ‘turbat
1132 1878 1152 1945 :‘
1175 1879 1223 1945 At

125 1982 293 2064 Prologus
307 1982 364 2046 ille
377 2000 444 2045 non
458 1988 512 2044 est
526 1982 569 2045 ab
582 1987 716 2047 auctore
729 1982 857 2064 operis,
879 1980 938 2046 sed
961 1982 1006 2046 ab
1028 1981 1107 2059 alio,
1121 1986 1159 2045 ut
1177 1998 1224 2045 ex

125 2098 170 2146 eo
181 2082 384 2165 ipsoliquet,
400 2084 559 2146 insertum
575 2096 644 2165 quo
658 2087 693 2147 et
705 2083 841 2166 quaudo
855 2084 1074 2167 compositus,
1089 2087 1127 2147 nt
1136 2081 1222 2148 adeo

124 2182 221 2248 nulla
235 2183 292 2247 hie
308 2185 354 2247 sit
367 2184 509 2264 genuina
524 2185 638 2249 senes.
680 2183 788 2248 Porro
815 2182 878 2260 ⁴0.
898 2180 1046 2247 Arcadio
1060 2184 1225 2264 inscripta

123 2285 162 2347 in
171 2283 347 2348 Rudinum
360 2282 510 2349 desinit?
534 2283 681 2349 Aturus
697 2283 857 2366 idemque
872 2282 1046 2346 luithomo
1060 2280 1126 2358 ‘Q.
1136 2280 1224 2347 Ara·

125 2383 210 2448 dius
230 2382 317 2466 (non
331 2381 550 2465 ‘Aroadius‘)
574 2383 742 2450 Rufinus!
778 2383 934 2466 Denique
949 2381 1224 2466 ‘Ephemerideur
1284 2450 1289 2455 ,

124 2483 281 2548 nominat
302 2481 388 2548 huno
408 2483 526 2549 librum
548 2486 662 2550 minus
689 2482 844 2569 proprie.'
887 2483 936 2549 at
959 2486 1020 2551 ille
1046 2484 1110 2555 fuit
1125 2500 1222 2551 verus

121 2585 212 2662 libri,
234 2594 296 2649 seu
311 2584 420 2666 ipsius
442 2583 553 2650 Graeei
580 2586 739 2669 Dictyos,
760 2586 892 2663 titulus,
910 2593 1002 2652 uter
1024 2586 1130 2651 Suida
1144 2606 1223 2657 eou-

121 2692 205 2763 stat,
227 2702 330 2769 quem
352 2687 442 2751 bona
462 2686 575 2770 itaque
595 2687 662 2751 fide
684 2689 831 2752 servarit
852 2688 1047 2772 Septimius.
1091 2687 1223 2757 Grecis

121 2793 237 2853 antem
260 2786 394 2873 ἐφημιρὶς
413 2790 554 2854 notabat
568 2790 704 2872 proprie
719 2788 857 2855 diurnos
881 2789 1029 2855 historiae
1044 2787 1224 2855 Commen-

122 2890 243 2966 tarios,
258 2889 381 2954 deinde
395 2909 478 2954 vero
501 2889 601 2954 etiam
614 2906 742 2954 omnem
762 2889 947 2969 historiam,
962 2910 1039 2975 quae
1060 2898 1223 2975 perpetue

119 2991 289 3075 temporis
303 2991 421 3056 ordine
437 2989 656 3073 progreditur,
670 2990 773 3071 unde,
786 2998 827 3055 ut
840 2994 974 3057 notarit
982 2991 1054 3075 jam
1070 2992 1223 3075 ampliss.

122 3090 334 3170 Obrechtus,
347 3092 453 3156 etiam
470 3090 618 3156 Caesaris
633 3090 890 3158 commentarios
907 3090 1070 3175 ἐφημερίδας
1085 3092 1132 3155 illi
1152 3092 1229 3155 dix·

121 3199 230 3259 eruut.
267 3191 412 3256 Malelas
425 3197 537 3256 tamen
550 3189 665 3263 laudat
677 3192 801 3277 Dietyn
809 3192 906 3258 titulo
919 3192 1075 3276 ῥαψῳδιῶν,
1085 3188 1147 3253 sed
1158 3206 1226 3271 qua

123 3313 211 3359 rece
225 3295 442 3376 designantur
454 3292 587 3376 singula
602 3294 699 3378 hujus
712 3295 824 3377 operis
838 3293 1021 3357 volumina.
1066 3289 1122 3352 Ita
1136 3291 1227 3351 certe

123 3408 208 3477 pag.
219 3395 298 3459 172.
342 3399 443 3458 Taliter
457 3391 564 3468 Δίκτυς
579 3394 656 3480 ivrp'
678 3392 743 3479 ixrp
756 3396 845 3457 tirel
859 3387 990 3475 ῥαψῳδίᾳ
1004 3386 1118 3465 ἦξίθιτο.
1162 3387 1226 3471 Ni,⁴

125 3494 181 3561 hil
193 3513 275 3577 ergo
285 3495 321 3557 iu
335 3488 403 3560 illis
416 3503 480 3575 est,
495 3494 563 3580 quo
577 3497 689 3561 minus
703 3494 849 3578 genuina
858 3491 934 3559 haee
947 3490 1111 3557 habeatur
1123 3494 1157 3557 et
1167 3510 1226 3556 an·

124 3596 224 3680 tiqua
235 3595 350 3679 ipsius
368 3596 560 3681 interpretis
581 3598 745 3681 Epistola.
791 3594 892 3674 Quod
909 3599 943 3659 et
960 3613 1036 3660 esse
1047 3612 1121 3660 earn
1137 3608 1226 3670 reret

124 3697 228 3763 auem
237 3697 319 3763 inde
331 3697 449 3782 qunat,
460 3699 550 3782 qued
559 3699 603 3763 ad
619 3697 684 3775 ‘Q.
693 3695 855 3763 Aradium
869 3695 1028 3762 Rufinum
1038 3696 1047 3722 '
1057 3695 1225 3779 estscrip·

127 3804 179 3875 ta,
189 3798 357 3863 hominem
372 3799 457 3865 satis
471 3818 534 3865 suo
550 3803 700 3884 tempore
713 3800 887 3876 illustrem,
894 3810 962 3862 non
976 3799 1025 3863 ita
1035 3802 1144 3862 tamen
1155 3799 1226 3862 cui·

126 3898 213 3962 libet
224 3894 323 3963 etiam
339 3906 419 3986 post
441 3920 505 3965 sua
518 3901 591 3967 fata
611 3909 739 3982 uotum,
760 3907 797 3967 ut
821 3906 988 3983 ‘nuperus
1003 3903 1038 3962 at
1051 3897 1226 3981 imperitus

126 3998 437 4067 Grammatieulus’
460 4003 534 4087 eJus
555 4003 772 4087 potissimum
787 4002 940 4069 rideatur
960 4004 1149 4083 arrepturus
1162 4017 1225 4067 ne·

122 4096 205 4165 irrsu
219 4099 263 4164 ad
278 4101 462 4185 epistolam
476 4104 578 4184 talem
589 4104 787 4186 fingendam,

167 4215 322 4266 xxxin.
344 4201 460 4287 Major
489 4218 570 4272 rure
593 4210 647 4270 est
670 4202 848 4269 difficultas
862 4199 896 4267 in
919 4204 930 4236 ‘
942 4199 1126 4286 Septimio‚'
1150 4198 1225 4282 ejus

191 4316 316 4381 ”ripaei
329 4317 388 4369 Ver.
400 4320 467 4370 clar.
649 4316 719 4369 ilict.
732 4318 798 4370 cut·
1134 4311 1162 4361 D
