3034 4928
397 385 448 432 nr
471 378 650 435 semoris
673 386 781 433 retur
806 386 981 436 rrorssr.
1189 374 1231 437 2⁵

134 527 351 592 occasionem
379 526 562 607 arripuisse
588 526 719 590 videtur
743 528 811 605 ille,
837 547 897 592 sen
921 528 1055 607 Prexis,
1076 547 1136 593 sen
1163 528 1230 594 Eu*

137 627 312 709 praxides,
327 624 462 689 libellos
485 625 588 697 lrosoe
604 626 824 707 confingendi,
840 635 874 692 et
888 631 994 710 quusi
1007 647 1051 693 ex
1073 630 1230 712 sepulcro

128 722 367 810 ‘antiquissimi
391 727 537 810 Dictyos
565 734 640 811 post
665 732 759 792 terrae
782 738 909 793 motum
933 729 1084 813 collapso
1104 736 1226 806 erutos,

137 826 337 892 Vanissimo
358 824 522 907 Principi,
543 828 601 908 qni
623 826 732 893 Ilisos
760 828 906 893 maxime
931 840 1066 894 centus
1086 831 1227 906 solebat,

136 928 193 1010 qui
206 933 243 991 et
263 927 340 1009 ipse
354 925 483 989 'l'roico
496 927 641 1009 scripsit,
657 929 763 992 cituta
775 929 902 1011 sepius
919 948 941 993 s
961 929 1078 994 Servio
1092 929 1136 994 sd
1149 927 1227 993 Vir-

133 1027 264 1109 gilium,
287 1027 324 1090 in
338 1025 478 1090 Graecis
491 1032 571 1090 tuuc
584 1025 752 1117 offerendi.
795 1027 907 1092 Terre
921 1034 1031 1093 sutem
1045 1037 1157 1092 motus
1174 1048 1227 1093 re-

133 1146 212 1191 sero
225 1135 312 1191 tuuc
335 1125 500 1191 afflixerat
511 1124 642 1191 Cretum
657 1126 791 1210 quondo
807 1127 839 1191 N
841 1146 899 1192 ero
913 1129 947 1192 in
961 1129 1122 1193 Achaiam
1134 1128 1228 1205 obiit,

132 1227 315 1310 siquidem,
335 1245 413 1290 cnm
424 1226 623 1307 Apollonius
638 1227 795 1310 Tyaneus
817 1228 909 1310 opud
934 1228 1168 1293 Philostratum
1191 1229 1227 1292 in

132 1327 210 1409 ejus
225 1326 324 1402 Vite,
344 1325 403 1389 lib.
428 1341 480 1388 lv.
501 1345 576 1408 cop.
592 1326 644 1388 ll.
666 1336 703 1390 ut
721 1326 793 1409 jem
814 1328 940 1392 monuit
962 1327 1026 1392 Vir
1041 1328 1226 1392 eruditione

131 1427 237 1492 simul
253 1436 290 1491 et
304 1426 468 1506 dignitate
483 1425 691 1508 amplissimo
706 1428 919 1510 conspicuus,
934 1426 1005 1491 Uir.
1027 1426 1225 1505 Obrechtns,

131 1547 177 1591 ex
197 1525 337 1592 Grecis
357 1525 391 1589 iu
407 1525 552 1601 cretum,
574 1525 649 1607 ejus
673 1533 802 1590 tuntum
824 1527 977 1592 videndus
1001 1528 1118 1609 gretie,
1137 1534 1225 1593 esset

129 1629 318 1710 proiectus,
339 1645 381 1691 ec
409 1626 486 1690 inde
514 1645 610 1708 porro
636 1625 782 1691 Romam
810 1628 871 1691 iter
892 1634 1033 1710 peroret,
1055 1637 1122 1691 tum
1145 1648 1223 1693 vero

130 1729 250 1807 σεισμὸς
269 1725 424 1811 ἂορόοςηῑ
449 1725 544 1810 Κρῆτρ
561 1724 735 1811 προσέβαλε,
758 1733 876 1792 ‘terrm
900 1734 1010 1793 motus
1036 1731 1223 1794 universum

129 1829 254 1894 affluit
266 1828 400 1893 Cretum
417 1828 436 1905 ;'
461 1836 496 1891 et
510 1828 569 1904 itu,
591 1837 627 1891 ut
640 1828 739 1911 qussi
752 1829 875 1893 tonitru
897 1847 941 1893 ex
964 1838 1051 1894 terre
1064 1829 1222 1907 ederetur,

129 1936 164 1993 et
176 1949 271 1994 mure
294 1929 490 1994 subsideret.
535 1926 618 1992 Inde
633 1938 744 1992 autem
760 1927 903 1993 Romam
920 1931 994 2012 jem
1008 1930 1223 2005 contendens,

128 2032 164 2093 in
184 2049 261 2093 eum
280 2029 394 2093 orbem
410 2026 834 2112 venisssdiciturcap.13.
876 2030 1035 2095 Telesino
1060 2029 1222 2107 Consule,

128 2129 188 2212 qui
203 2147 249 2192 eo
263 2147 352 2191 enno
367 2127 510 2192 Neronis
524 2131 657 2192 ineunte
672 2127 894 2193 Consulatum
906 2150 1021 2196 revers
1032 2130 1146 2213 gessit

172 2246 227 2292 vr.
250 2228 312 2292 Sic
325 2233 440 2309 petere
449 2228 518 2311 jem
532 2234 629 2311 puto,
648 2228 789 2292 eundem
803 2228 908 2293 fnisse
923 2231 1061 2313 Dictys,
1075 2237 1109 2294 et
1122 2248 1222 2311 quem

129 2335 260 2391 noster¹
276 2327 460 2408 Septimius
479 2329 513 2390 in
533 2328 690 2392 lustinum
717 2328 817 2392 vertit
844 2347 1041 2404 sermonem,
1068 2336 1101 2394 et
1122 2347 1221 2412 quem

129 2426 249 2491 Grmci
276 2425 471 2490 habuerunt.
514 2425 661 2492 Accedit
685 2427 738 2491 his
764 2447 853 2505 vero,
867 2429 967 2512 quod,
989 2429 1087 2493 sicuti
1110 2436 1222 2495 noster

127 2527 335 2609 opusculum
350 2526 414 2592 hoc
436 2526 580 2612 Dictyos
605 2535 706 2593 vocet
720 2526 942 2611 premerido
963 2529 1051 2594 Belli
1072 2529 1220 2614 Troiani,

124 2629 176 2691 sic
192 2632 228 2692 et
238 2626 369 2691 Suidus
380 2646 475 2693 snum
489 2628 614 2711 Dictyn
624 2628 801 2709 scripsisse
811 2626 1087 2711 dioet'Eosprplla
1098 2634 1220 2712 Τρωϊκοῦ

124 2723 307 2807 traduces
319 2727 384 2793 hoc
403 2733 468 2805 est,
491 2727 735 2812 ‘Ephemerido
757 2747 864 2792 remur
888 2729 979 2810 apud
994 2728 1129 2811 'liujum
1143 2748 1220 2811 ges·

125 2827 259 2894 turum?
303 2827 395 2892 Nom
410 2830 471 2893 vix
493 2828 622 2906 dubito,
636 2829 716 2913 quin
738 2829 831 2911 opud
859 2828 998 2893 Suidsm
1018 2828 1092 2893 hoec
1106 2829 1219 2907 verbe,

125 2926 235 3001 Δίκτυς
247 2927 403 3012 ’ἱστορικὸς
417 2926 540 3013 lypsius
553 2926 743 3011 'Ednprpilm
753 2927 814 2990 iura
825 2928 853 2990 li
865 2931 903 2990 rol
916 2926 979 3008 μεθ’
987 2926 1111 3013 ’Ὅμηρον
1126 2953 1219 2991 κατα·

126 3030 249 3112 λογάδην
265 3029 294 3091 ir
309 3027 433 3108 βιβλίοις
447 3028 479 3090 i.
511 3031 655 3106 Ἰταλικοὶ,
671 3033 793 3111 Τρωϊκοῦ
808 3027 981 3103 traduat:
996 3027 1139 3110 legenda
1153 3030 1220 3094 siut

128 3149 203 3195 cum
219 3128 362 3206 Alletio,
381 3137 414 3194 ot
428 3129 659 3212 distinguendo
678 3148 756 3193 oum
770 3127 956 3195 Obrechto:
978 3126 1086 3201 Δίκτυς
1100 3128 1218 3210 'lnpo-

127 3230 177 3301 κὸς
200 3226 327 3315 ἔγραψα
348 3222 521 3313 Ἐφημρίὸα
541 3228 617 3305 (iura
642 3230 671 3292 ii
695 3234 735 3293 rol
755 3230 812 3309 pell
829 3233 904 3310 ⁴044.
927 3239 1037 3293 καταλ.
1059 3229 1086 3287 le
1107 3226 1170 3303 βοβ.
1184 3224 1218 3291 θ’.
1260 3304 1268 3312 ⁸

124 3328 260 3413 Ἰλιακοῖ)
276 3335 399 3413 Τρωϊκοῦ
412 3327 577 3410 διακόσμου.
607 3330 851 3395 Parenthoseos
866 3328 980 3403 istius,
994 3326 1068 3389 sive
1084 3325 1128 3388 eb
1141 3325 1230 3431 ipso!

127 3429 179 3492 sit
191 3428 310 3505 Suido,
324 3431 395 3495 sire
408 3432 454 3495 sl)
468 3431 544 3495 aliis
555 3432 588 3494 in
604 3429 783 3509 marginem
798 3427 940 3508 primum
956 3443 997 3489 uc
1007 3423 1085 3487 dein
1098 3424 1132 3489 iu
1148 3430 1220 3490 tex-

128 3534 204 3593 tum
218 3528 329 3604 illato,
342 3529 528 3608 distinctio,
539 3532 630 3595 unde
641 3527 766 3612 pendet
779 3525 937 3608 genuinus
946 3525 1012 3590 loci
1023 3543 1154 3605 sensus,
1163 3526 1221 3590 de·

124 3629 237 3707 betur,
253 3637 294 3694 ut
318 3631 399 3708 dixi,
412 3631 537 3696 illustri
552 3631 733 3706 Obrechto,
755 3646 852 3709 quem
866 3625 910 3689 ed
933 3625 1117 3709 Epistolsm
1133 3625 1219 3710 Sep·

125 3729 214 3793 timii
225 3730 327 3795 velim
342 3731 472 3797 videus.
517 3730 672 3797 Ceterum
687 3728 779 3814 quod
801 3725 892 3810 opud
915 3726 1054 3792 Suidem
1075 3725 1218 3808 legimur

125 3826 256 3911 Dictyn
277 3834 289 3865 ‘
299 3850 423 3895 novem
445 3832 561 3896 libris’
581 3833 654 3897 hmo
675 3834 863 3903 executum,
885 3845 962 3890 cum
981 3826 1162 3908 Septimius
1183 3824 1218 3888 ei

125 3928 272 3993 tribuere
286 3931 443 3996 rideatur
465 3931 601 3997 ‘decem
624 3929 748 4007 libms,’
769 3928 849 3992 dum
875 3925 1049 4007 ‘priorum
1066 3924 1217 4009 quinquo

120 4027 336 4096 voluminum
351 4032 497 4099 eundem
518 4052 556 4098 se
576 4049 748 4099 numerum
762 4043 924 4103 serresse,
939 4021 1091 4093 residue'
1104 4032 1216 4092 eutem
