2992 4910
376 404 429 453 nr
455 403 573 453 nunno
596 400 768 461 recurso
792 405 864 455 urs.
888 407 938 457 ιν.
1130 388 1198 463 22³

92 558 172 629 tus,
182 554 219 614 et
227 548 372 613 clamore
381 544 512 627 lugubri
520 542 628 609 ihoili
639 562 757 610 casum
770 546 992 615 miserandum
1005 549 1042 615 in
1054 549 1195 616 rnodum

96 650 243 727 dehent,
257 645 419 713 moordati
432 651 567 711 aetawm
581 643 656 726 ejus
669 643 849 711 admodum
864 647 1070 716 immuturaui
1079 634 1111 717 ξ’
1132 653 1192 736 qni

98 751 140 815 in
155 748 271 834 primis
285 745 436 832 pueritiae
450 745 548 809 annis
555 790 567 823 ,
578 762 653 809 cum
669 745 867 812 verecundia
881 767 922 813 sc
937 750 1109 831 probitate,
1122 758 1191 817 tum

100 851 278 933 praecipue
291 849 399 919 forms
411 845 564 928 corporis
577 843 742 922 amabilis,
763 851 863 929 atque
880 854 1039 931 acceptus
1052 851 1192 934 popule·

100 950 201 1015 ribus
213 948 436 1015 adolescebat.
476 945 559 1031 [lu]
580 944 669 1009 Dein
683 947 860 1013 metis
874 950 993 1031 peuda
1006 949 1124 1015 diebus
1138 970 1193 1017 so·

101 1050 200 1114 lmus
211 1049 404 1135 Thymbraei
420 1045 587 1130 Apollinis
608 1048 758 1124 incessit,
771 1053 806 1112 et
819 1048 952 1132 requies
972 1048 1118 1116 bellandi
1132 1071 1193 1135 per

99 1149 256 1217 inducias
269 1148 485 1234 iutoepon’ta:
507 1155 578 1212 tum
587 1148 735 1232 'utroque
749 1151 896 1214 exercitu
915 1151 1081 1217 sucddeio
1096 1152 1194 1219 inds-

96 1257 200 1328 ane,
222 1252 378 1315 Priamus
392 1256 523 1331 tempus
536 1254 666 1326 nactus,
682 1248 835 1313 idaeum·
854 1249 898 1315 ad
914 1249 1078 1316 Achillem
1090 1272 1193 1337 super

99 1350 287 1434 Polyxena
300 1368 377 1414 cum
388 1347 551 1413 mandeba
565 1347 673 1413 mittit
715 1348 783 1414 Sed
807 1349 865 1415 nbi
887 1348 1038 1416 Achilles
1061 1352 1096 1417 in
1113 1353 1193 1420 luco

102 1469 149 1517 en
170 1468 250 1533 qum
264 1448 394 1532 perlata
412 1456 509 1511 erant
529 1447 573 1511 ab
598 1445 713 1513 ldmo¹
738 1450 917 1533 seperatim
932 1451 975 1515 ub
990 1451 1065 1517 aliis
1078 1470 1191 1538 recog-

99 1551 225 1629 noscit,
246 1549 381 1632 cognita
394 1568 430 1614 re
442 1548 534 1633 upud
549 1562 650 1613 nares
660 1549 807 1632 suspicio
822 1549 957 1616 alienati
971 1550 1078 1632 ducis,
1092 1562 1126 1621 et
1144 1555 1189 1621 ad

98 1661 315 1736 postremum·
334 1648 516 1733 indignatio
540 1656 667 1714 exortu
720 1649 877 1735 Namque
902 1656 1001 1716 antam
1026 1672 1188 1721 rumorem

100 1746 303 1836 proditionis
315 1758 424 1817 ortum
437 1747 636 1815 clementerb
652 1767 714 1834 per
727 1750 912 1815 exercitum
925 1751 959 1815 in
972 1771 1084 1818 verum
1098 1761 1188 1820 hux·

99 1844 204 1918 aaut.
248 1851 305 1916 0b
319 1870 407 1935 qnae,
422 1851 517 1916 amul
531 1851 581 1916 uti
595 1849 782 1916 concitatus
797 1849 914 1915 militis
927 1851 1058 1917 enimus
1071 1854 1188 1919 lenire·

100 1958 167 2033 tur,
183 1953 275 2039 hjax
290 1971 367 2019 cum
385 1952 548 2017 Diomede
562 1958 596 2018 et
609 1951 733 2037 Ulysse
747 1951 791 2016 ad
805 1952 916 2017 lucum
931 1958 1081 2036 pergunt.
1124 1953 1189 2017 Hi·

102 2074 172 2139 qne
194 2061 271 2120 ante
303 2054 461 2138 templum
486 2055 654 2132 resistunt,
682 2052 892 2138 opperientes
921 2053 951 2118 si
978 2051 1188 2136 egrederetur

97 2154 280 2234 Achillem,
301 2153 461 2238 simulque
481 2154 527 2218 uti
548 2172 619 2218 rem
640 2160 770 2237 geatam
788 2154 924 2238 juveni·
945 2155 1121 2232 referrent3
1144 2153 1188 2218 de

93 2262 212 2321 cetero
233 2254 333 2319 etiam
355 2253 564 2330 deterrerent,
584 2252 619 2317 in
642 2252 810 2336 colloquio
828 2253 916 2319 clam
937 2273 1016 2319 curu
1034 2254 1188 2319 hortibus

97 2374 210 2438 agere
254 2352 337 2441 [lb]
351 2353 489 2418 Interim
503 2351 708 2430 Alexander,
723 2354 926 2436 compositis
932 2355 1003 2441 jam
1016 2373 1093 2420 cnm
1105 2352 1188 2418 Dei·

97 2455 216 2540 phebo
236 2453 382 2532 insidiis,
404 2453 548 2539 pugione
571 2454 764 2520 accinctus¹
793 2454 838 2519 ad
859 2452 1021 2520 Achillem
1047 2453 1188 2535 ingredi·

97 2564 165 2633 tur,
186 2554 399 2622 centimeter
412 2554 516 2619 ueluti
538 2572 650 2619 eornm
669 2571 746 2637 qum
770 2552 925 2619 Priamus
949 2555 1186 2638 pollicebatur:

96 2674 245 2743 moxque
258 2656 303 2722 ud
317 2674 421 2733 uam,
436 2671 503 2738 quo
516 2673 563 2718 ne
572 2651 681 2718 hostis
695 2651 809 2717 dolum
822 2654 1082 2737 persentisceret,
1092 2673 1188 2719 aver·

97 2775 226 2842 susque
241 2777 265 2822 a
278 2753 391 2834 duce,‘¹
404 2755 548 2846 assistit
592 2753 680 2819 Dein
694 2752 754 2818 ubi
765 2759 897 2838 tempus
909 2755 1016 2820 uisum
1030 2761 1093 2833 est,
1106 2753 1187 2819 Ilei·

95 2858 232 2941 phebus
244 2856 425 2942 amplexus
438 2856 593 2919 inermem
602 2852 769 2937 juvenem,
780 2853 907 2939 quippe
918 2855 953 2918 in
967 2873 1066 2919 sucro
1080 2852 1187 2937 Apol-

96 2959 174 3027 linis
188 2959 272 3024 nihil
284 2956 411 3024 hostile
425 2962 638 3032 metuentem,
649 2954 850 3034 exosculari,
860 2955 1078 3040 gratularique
1088 2972 1187 3038 super

555 3162 733 3187 ‘numm

97 3315 112 3360 t
130 3310 234 3374 Delph.
243 3310 272 3359 is
281 3311 329 3361 lara
337 3325 366 3362 es
376 3324 428 3375 μ
437 3310 506 3363 illcta
520 3314 588 3360 errat
604 3324 658 3361 curs
674 3308 797 3387 ldae-t
813 3306 910 3371 Delph.
928 3305 1076 3356 ebesa—t
1091 3302 1187 3367 lietph.

588 3503 698 3559 ΝΟΜ

125 3635 263 3686 ’Μαι
271 3632 453 3696 dudum
463 3631 625 3696 immas]
696 3621 1186 3692 ⁸1daeun11'raeunemdequoruprs.
1250 3663 1253 3669 .

95 3710 166 3763 Quis
175 3710 280 3763 sellim
290 3708 362 3773 apud
370 3708 504 3772 Virgilium
515 3709 624 3772 legerat,
695 3705 708 3741 b
721 3705 808 3755 orre-
816 3697 951 3761 mer]
964 3694 1147 3757 ‘Clementar,’
1158 3696 1185 3746 ld

97 3782 374 3849 ‘maneantque
381 3782 465 3847 imper
472 3796 624 3846 congraum
663 3788 712 3839 eat,
723 3779 803 3841 lente,
814 3773 923 3827 modice.
955 3771 988 3822 lu
999 3785 1085 3821 verum
1098 3779 1184 3822 traxe·

96 3858 213 3909 Achilli!
237 3858 357 3909 &deum
367 3856 496 3923 fuglehut,
507 3857 623 3909 rlrosro·
663 3861 722 3906 rant
740 3865 866 3905 rumorem
885 3848 957 3898 illum
968 3846 1129 3911 proditionis,
1140 3847 1185 3912 qul

94 3932 264 3987 unumne·
280 3948 296 3983 a
311 3932 397 3998 poitir
409 3933 550 3997 sepissime
562 3946 624 3996 pne·
663 3944 710 3994 per
719 3927 860 3979 exercitum
873 3922 964 3972 ieviter
975 3921 1130 3971 inuenerat.
1148 3919 1186 3970 Α.

91 4021 140 4059 1⁰⁸
155 4006 220 4067 Μ,
237 4013 265 4056 0¹
281 4008 468 4059 ruueTroitnm
479 4007 624 4060 robustiui·
662 4004 764 4056 ebttlam
775 4009 861 4053 autem
871 3995 1025 4063 proditionis
1035 4005 1185 4061 impostum

90 4096 166 4132 num
185 4086 216 4131 et
231 4078 391 4134 t'orhmtmnrn
407 4081 558 4133 describunt
569 4081 625 4132 lio·
662 4078 1030 4139 habebunt,prcpterumurem
1038 4072 1187 4140 Polyxene.
1330 4126 1339 4142 Ι

90 4170 193 4220 narn,
209 4155 315 4206 Tarm
335 4159 363 4210 tn
389 4156 524 4225 Lycophr.
542 4158 624 4208 Dares
693 4148 819 4212 ramat]
834 4145 936 4197 Aehlltl.

89 4230 335 4298 Phryglumtrlll.
622 4292 625 4297 Ι
695 4221 838 4288 tavare]
853 4220 961 4274 Achille.
