3052 4916
289 387 359 457 otc
421 402 577 453 oooioss
603 402 642 451 ra
669 402 860 452 clamosa.
883 400 1011 452 sarrs.
1032 334 1254 455 sssaavair.
1494 388 1496 491 i

335 545 499 614 molieris
512 541 596 612 coti.
614 541 763 611 cmm
776 543 965 611 maram
985 551 1079 612 tcoet
1096 545 1273 632 antiquar
1293 547 1394 614 coffi-

289 669 362 718 cem
384 649 568 716 membran.
582 648 654 733 qai,
668 666 747 715 cam
761 646 841 715 aliis
856 647 1053 727 Histaaicis,
1068 647 1302 732 complectitm
1315 646 1395 716 Da-

289 754 369 820 κᾶε
384 751 528 836 Phrygii
540 750 741 817 Historiam.

625 951 753 1020 Codices
769 950 1052 1038 cantabrigienses.

334 1101 491 1173 Biblioti.
507 1102 606 1171 Pali
625 1104 737 1172 nullos
753 1103 884 1190 prebet
906 1102 1050 1171 Codices
1066 1102 1120 1170 vol
1142 1103 1284 1188 Dictyos
1304 1100 1390 1169 Cre-

289 1207 399 1275 tensis
413 1208 470 1275 vel
484 1207 623 1274 Daretis
637 1206 787 1292 Phrygii.

332 1309 494 1377 Biblioth.
510 1307 646 1396 Collegii
663 1308 759 1393 Coep.
778 1305 897 1372 christe·
920 1314 956 1373 et
976 1304 1019 1372 Β.
1034 1304 1154 1373 Maria
1176 1303 1311 1392 iirgisia
1331 1303 1386 1383 (S.

288 1410 479 1490 Benedicti)
493 1409 581 1477 (laos
604 1409 743 1476 codices
757 1409 1010 1492 manuscriptos
1032 1409 1218 1474 membran.
1232 1411 1302 1472 ito.
1317 1425 1388 1471 ser·

288 1514 364 1577 rat:
386 1528 500 1588 unum,
513 1507 693 1595 (ccccvi.)
716 1510 775 1594 qui
797 1509 947 1575 continet
973 1509 1076 1594 Frigii
1096 1510 1231 1577 Daretis
1254 1507 1386 1573 Iliados

288 1610 365 1678 Lib.
390 1628 471 1677 srec.
486 1625 578 1675 1111.
601 1609 706 1676 alium
729 1612 842 1689 etiam,
862 1609 1072 1695 (ccccxlv.)
1093 1611 1152 1697 qui
1170 1628 1245 1676 com
1266 1607 1382 1673 maltis

287 1710 367 1780 aliia
381 1712 616 1799 complectitur
626 1713 767 1781 Daretis
781 1712 919 1798 Phrygii
930 1711 972 1777 de
981 1711 1128 1780 Excidio
1139 1710 1255 1797 'l'rcjae
1265 1709 1382 1776 lllstc·

287 1814 384 1895 riam,
398 1832 482 1883 sac.
498 1830 583 1881 xlv.

331 1914 496 1985 Biblioth.
523 1917 628 1983 etiam
657 1912 745 1982 liin.
775 1913 857 1984 Coil.
883 1915 1035 1983 codicem
1058 1915 1237 2000 antiquum
1262 1922 1384 1992 serrat,

287 2017 360 2102 qui,
371 2038 449 2084 cum
463 2017 542 2085 aliis
563 2019 732 2084 historicis
755 2026 791 2083 et
810 2019 1045 2099 miscellaneis,
1068 2017 1208 2084 exhibet
1222 2016 1386 2083 Daretem

287 2118 474 2203 Phryglum
488 2120 531 2185 de
544 2119 647 2186 Bello
661 2119 826 2205 Trojano.
1495 2190 1496 2193 ,

332 2218 377 2286 ln
391 2221 557 2288 Bibliotb.
574 2219 679 2288 Gonv.
695 2232 726 2288 et
744 2219 818 2289 Caii
833 2228 887 2286 est
900 2220 1009 2287 codex
1025 2220 1194 2304 antiquos,
1212 2218 1284 2303 qui,
1307 2237 1386 2283 cam

288 2322 367 2389 aliis
381 2324 496 2389 multis
511 2324 642 2406 generis
652 2323 871 2401 miscellanei,
885 2322 1030 2388 continet
1044 2322 1231 2388 Historiam
1246 2319 1384 2385 Daretis
1495 2326 1496 2385 l

288 2424 425 2510 Phrygii
438 2425 480 2490 de
490 2426 643 2510 Trojano
653 2425 763 2504 Bello,
779 2444 801 2490 a
816 2422 972 2489 Cornelio
983 2423 1131 2509 Nepote,
1143 2432 1183 2488 ut
1194 2422 1325 2500 (licitur,
1339 2438 1387 2484 ex

287 2524 412 2591 Graico
427 2527 463 2590 in
479 2526 674 2592 Sermonem
684 2526 840 2592 Iatinum
855 2544 997 2591 versem.
1029 2525 1141 2592 Calai.
1152 2525 1243 2591 Mas.
1254 2522 1386 2607 sagae

286 2632 322 2688 et
336 2624 529 2691 Hiberniae.
1049 2628 1053 2637 ’

649 2824 778 2892 Codices
794 2825 1025 2893 Dabiinienser.

329 2974 373 3040 In
389 2974 549 3042 Bibliotla
563 2973 647 3043 con.
664 2976 700 3042 S.
718 2978 884 3045 Trinitatis
894 2980 963 3046 (luo
977 2983 1103 3046 restant
1115 2975 1253 3042 codices
1261 2992 1377 3039 maau-

284 3077 418 3164 scripti,
430 3098 573 3163 qaorum
586 3098 687 3158 acus,
701 3083 798 3157 (407.
811 3079 906 3166 267.)
927 3082 1013 3146 inter
1027 3081 1098 3145 alia
1119 3079 1306 3154 Historica,
1318 3095 1380 3141 ex·

285 3177 377 3246 hibet
403 3185 479 3260 (art.
499 3178 549 3264 4.)
576 3180 715 3248 Daretis
736 3182 876 3267 Phrygii
903 3182 1093 3248 Historiam
1118 3179 1384 3246 devastatione

284 3280 400 3367 Trcjee
416 3303 438 3350 a
452 3281 611 3348 Cornelio
628 3283 826 3369 Nepotem
837 3283 954 3363 femur,
967 3304 1013 3348 ex
1028 3283 1153 3350 Groeco
1168 3284 1206 3348 la
1227 3282 1383 3347 latinum

285 3402 473 3452 sermonem
482 3384 1293 3465 translatam‚489.849.alter,interalia,eaodem
1301 3382 1387 3448 His·

287 3485 406 3550 teriam
420 3486 499 3570 (art.
515 3485 575 3572 1.),
594 3487 650 3553 cui
665 3488 849 3572 praeligitur
863 3487 1011 3571 Nepotis
1023 3485 1180 3571 Epistola
1193 3485 1237 3549 ccl
1252 3484 1384 3550 Sallae-

283 3584 368 3647 tiam
384 3582 428 3650 de
452 3586 581 3652 eadem
624 3588 679 3654 De
698 3587 897 3655 Hibernicis
922 3586 1125 3672 quibusdam
1148 3584 1383 3663 Bibliothecia,

287 3703 324 3767 p.
336 3683 392 3752 28.
406 3694 442 3750 et
466 3707 502 3771 p.
515 3687 571 3754 33.
593 3689 730 3754 subin.
745 3686 1327 3771 eeal.l1muscriptommaagliae
1350 3694 1386 3753 et

287 3783 479 3853 Hiberniae.

668 3974 794 4042 Codices
810 3974 987 4044 camme.

328 4101 542 4174 Bibliotheca
556 4109 810 4180 Advocatomm
834 4114 924 4198 apud
949 4114 1177 4196 Ediabcrguar
1194 4111 1288 4177 daos
1309 4109 1383 4175 reti·

284 4213 342 4269 net
370 4202 515 4272 Codices
547 4210 685 4277 Daretis
715 4215 862 4297 Phrygii,
905 4236 1007 4282 unum
1038 4214 1216 4281 membran.
1246 4214 1377 4278 alteram
