3034 4928
294 410 341 478 78
521 444 529 457 «
735 421 824 469 uuo.
845 417 958 467 surus

297 575 445 652 modum,
474 572 631 657 Ulyssem
659 575 695 635 et
724 544 931 645 Diomedem,
955 566 1081 649 quihus
1112 566 1216 631 husos
1246 556 1387 632 insidias

297 674 482 763 presertim
504 680 682 747 struxerat,
710 669 895 735 incolumes
917 667 1081 743 evasisse,
1102 665 1229 732 doloris
1251 666 1388 751 impeti·

299 778 393 844 eutis
404 777 438 842 in
449 792 539 840 mere
552 792 627 837 sese
647 770 853 855 praeoipitem
868 767 969 832 dedit
1012 767 1182 849 Hyginus,
1204 767 1280 833 116.
1301 769 1390 833 Fnh·

299 885 335 943 et
362 881 480 961 prmter
508 871 676 949 Ovidium,
705 871 883 955 Virgilium
912 875 1012 953 atque
1041 869 1212 946 Senecam,
1242 870 1388 934 breviter

299 976 504 1061 Propertius,
522 991 573 1039 ιν.
588 974 620 1037 l.

427 1075 600 1160 Nauplius
613 1074 738 1139 ultores
749 1074 813 1137 suh
828 1079 963 1137 nostem
973 1068 1111 1154 porrigit
1125 1069 1231 1151 ignes,
1247 1100 1254 1105 -

469 1175 513 1240 Et
525 1183 620 1241 nutet
634 1174 770 1240 exuviis
785 1172 921 1238 Graecie
934 1188 1051 1256 pressu
1065 1170 1149 1234 suis.

341 1277 509 1343 Nummus
522 1282 574 1342 est
587 1275 847 1352 Buthrotiorum,
861 1292 959 1357 quem
975 1270 1131 1336 Goltzius
1146 1269 1251 1346 dedit,
1271 1267 1383 1336 Grues.

301 1394 336 1441 v.
362 1378 450 1444 Tuh.
464 1377 495 1443 3.
517 1376 620 1443 Num.
636 1382 670 1442 et
690 1374 839 1439 haerente
862 1372 1011 1447 Nonuio,
1030 1370 1187 1454 expedite
1210 1370 1387 1435 illustrarit

300 1479 462 1562 lisgerus,
477 1477 634 1561 Splcileg.
651 1478 703 1540 ld.
720 1475 823 1541 Num.
839 1482 874 1541 et
886 1473 1037 1538 Troicos.
1048 1470 1104 1535 68.

528 1696 617 1766 XV.
659 1694 801 1763 URNA
822 1694 1158 1763 SEPULCRALIS.

667 1829 765 1895 ‚Lru
781 1846 821 1894 ιι.
843 1828 933 1895 Cur.
948 1830 1001 1895 15.

349 1966 361 1999 ‘
375 1959 484 2045 Igitur
504 1981 526 2027 s
540 1962 672 2028 cunctis
686 1961 834 2040 Groecis,
849 1962 940 2026 velut
951 1962 1124 2046 publicum
1137 1963 1239 2027 funus
1253 1963 1331 2048 ejus

435 2069 617 2129 crematum
630 2062 711 2144 igni,
725 2081 828 2128 aureo
841 2065 981 2128 rusculo
993 2064 1158 2149 sepultum
1171 2063 1243 2128 est'

342 2178 556 2244 Ounuvsrrn
576 2199 721 2245 cremare
741 2180 912 2246 'l'hohenis
927 2200 968 2246 eo
989 2181 1388 2265 'l'rojenis-tempotihus,

299 2279 431 2347 Grmois
444 2287 517 2346 eret
535 2282 569 2346 iu
583 2300 676 2346 more
689 2281 848 2366 positum.
892 2280 996 2345 Hom.
1010 2280 1051 2344 Il.
1062 2305 1093 2343 a.
1107 2288 1141 2346 et
1154 2280 1189 2355 ψ.
1202 2278 1389 2363 ιῂιιίιιὶιιιιιιο

299 2387 336 2444 et
358 2388 437 2463 post
450 2382 521 2446 illa.
563 2381 719 2465 Thucyd.
736 2399 777 2445 ιι.
800 2389 836 2446 et
859 2381 993 2446 Lucret.
1008 2397 1060 2446 vr.
1081 2382 1173 2465 upnd
1187 2379 1389 2445 Kirohmnu-

298 2497 389 2556 uum,
414 2478 457 2543 de
484 2478 571 2543 Fun.
593 2480 776 2544 Romanor.
792 2495 816 2542 ι.
831 2481 863 2545 1.
885 2480 947 2546 sed
968 2488 1003 2545 et
1024 2481 1209 2559 Romanos,
1230 2482 1299 2545 nisi
1321 2498 1385 2543 uos

297 2578 417 2643 fallent
441 2577 570 2656 Poetae,
595 2579 639 2644 eb
660 2581 735 2662 ipsa
762 2577 875 2644 Rome
895 2580 1042 2646 condita.
1088 2579 1189 2647 Orid.
1213 2598 1264 2645 tv.
1290 2580 1387 2645 Fnst.

297 2676 376 2743 8⁶6.
397 2676 440 2742 ds
465 2678 566 2743 Remi
586 2679 753 2762 exequiis,
777 2688 814 2744 et
840 2682 976 2765 quidem
997 2700 1107 2765 nsque
1136 2682 1181 2747 nd
1202 2681 1388 2746 Theodosii

299 2777 487 2861 imperium.
509 2777 662 2843 Macros.
677 2778 846 2845 Suturnsl.
861 2798 928 2845 νιι.
941 2782 975 2846 7.
1019 2782 1148 2847 Verum
1162 2782 1239 2849 ride
1250 2790 1284 2848 et
1295 2782 1388 2846 Plin.

300 2875 349 2943 Η.
365 2877 447 2945 Nat.
462 2895 528 2945 vn.
542 2881 597 2945 m.

341 2978 480 3044 Cineres
506 2986 625 3057 eutem,
651 2988 732 3064 post
758 2982 1016 3048 cremationem:
1040 2990 1076 3048 et
1101 2983 1297 3066 ossilegium
1328 2983 1385 3061 (de

298 3080 423 3164 quihus
436 3081 566 3164 prolixe
580 3080 775 3147 Kirohmuu.
789 3098 846 3146 ιιι.
864 3082 897 3148 2.
912 3089 946 3147 et
962 3099 1016 3146 ιιι.
1030 3081 1083 3166 7.)
1102 3103 1124 3148 e
1138 3085 1293 3167 eognetis
1308 3102 1389 3150 oon·

298 3179 473 3249 dentum<
489 3183 525 3246 in
544 3183 665 3261 urceis,
685 3184 789 3262 nmis,
818 3182 897 3248 ollis
919 3191 957 3249 et
983 3185 1172 3269 amphoris:
1193 3204 1272 3269 qum
1285 3183 1389 3251 modo

297 3280 431 3364 fictiles,
441 3284 613 3368 (Propert.
622 3302 664 3349 ιι.
677 3282 751 3368 13.)
759 3285 859 3350 modo
874 3294 1079 3364 murmurem,
1089 3286 1186 3366 (Dio,
1200 3282 1274 3369 76.)
1285 3284 1388 3350 modo

299 3404 416 3464 ωιιοω,
438 3384 552 3471 (Virg.
576 3402 628 3450 vt.
653 3387 732 3452 AEu.
753 3382 1044 3456 menestheus
1065 3382 1256 3468 tubicinis)
1281 3384 1388 3449 modo

298 3493 477 3567 urgentem,
498 3484 683 3570 (Ammiun.
699 3502 787 3552 xlx.
808 3487 843 3552 2.
861 3487 904 3552 de
927 3487 1136 3567 Grumhetis,
1156 3486 1390 3553 Chionitarum

298 3584 398 3666 regis,
419 3580 511 3668 filu)
532 3585 644 3664 modo,
659 3589 761 3654 veluti
775 3589 841 3669 hie,
854 3589 958 3654 etiem
980 3607 1103 3666 eurem,
1124 3587 1284 3674 (Eutrop.
1301 3601 1387 3650 vrtr.

299 3682 343 3748 de
362 3682 500 3769 hojoni
521 3684 601 3766 imp.
627 3685 795 3753 Plutarch.
816 3690 851 3755 in
873 3690 1018 3756 Demetr.
1038 3689 1081 3755 de
1103 3689 1266 3755 Demetrii
1283 3689 1390 3773 regis.

284 3780 473 3860 ,Moschus
484 3798 535 3847 ιν.
550 3782 606 3848 ld:
620 3782 799 3866 Homerus,
814 3788 956 3865 Iliade.
967 3796 1001 3856 et
1009 3794 1058 3870 ιι.)

340 3883 480 3950 Interim
500 3883 574 3951 hmo
594 3903 689 3966 urus,
710 3885 813 3971 juxte
834 3890 1035 3959 assidentem
1056 3891 1129 3958 sire
1150 3889 1390 3965 manumitti

299 4001 461 4065 sororem,
485 3988 558 4054 sire
579 3988 768 4073 conjugem,
789 4009 836 4056 ex
858 3993 970 4059 ineisa
990 3992 1154 4072 Gemme3
1174 4009 1274 4075 quum
1287 3990 1394 4055 nohis‘

299 4084 446 4165 exhibet,
472 4087 574 4155 Thes.
604 4089 770 4156 andeh.
798 4109 823 4156 ι.
852 4094 928 4158 140.
956 4094 1083 4178 pluries
1107 4093 1256 4179 protem
1286 4092 1389 4157 Inus.

204 4206 209 4213 ·
299 4184 458 4269 Begerm,
471 4188 672 4256 eruditorum
681 4192 846 4261 encomiis
857 4193 1086 4277 dignissimos.
