3034 4928
419 399 469 445 nu
491 397 672 447 rrreroarr
696 400 806 447 unnnr
831 402 1007 451 reusam.
1206 393 1250 456 43

154 543 252 605 tiana
280 546 314 603 et
333 539 526 623 praedicens
547 537 689 616 Graecis,
704 559 909 625 monensque
925 550 962 607 ut
982 543 1127 625 ligneum
1153 546 1247 615 illum

157 642 292 724 Quum
313 645 505 704 exstruent:
535 639 723 704 Cassandra
743 641 986 723 Agamemnoni
1007 654 1169 712 eventura
1190 649 1248 712 de-

156 742 310 807 clarans:
331 741 474 825 denique
489 738 657 824 Cyclopes
677 749 712 805 et
734 743 980 827 Laestrygones,
1000 745 1197 830 Antiphates
1211 760 1247 816 et

155 842 399 926 Polyphemus,
414 841 554 906 Cireeet
564 840 726 926 Calypso,
740 842 910 928 Penelope
920 866 997 910 eum
1007 863 1108 912 xxx.
1120 854 1244 933 procis.

154 940 247 1006 Hoee
260 944 372 1007 omnia
385 942 470 1006 satia
491 960 660 1024 superque
682 943 874 1021 ostendunt,
897 952 1066 1012 auctorem
1094 956 1242 1019 nostrum

152 1042 310 1107 hausisse
333 1063 398 1107 sua
419 1041 632 1126 potissimum
655 1061 699 1106 ex
725 1042 886 1122 Homero,
900 1052 1001 1129 atque
1023 1048 1099 1113 aliis
1120 1051 1242 1133 pehtis,

150 1144 243 1221 lieet,
256 1144 374 1207 forsan
393 1149 432 1206 ut
445 1142 479 1205 id
495 1140 694 1222 dissimulet,
708 1164 800 1228 soepe
813 1146 901 1211 haud
923 1167 1042 1230 parum
1057 1151 1243 1230 immutata,

151 1248 221 1307 tu'm
239 1263 323 1307 vero
338 1265 361 1309 a
374 1243 440 1308 fide
456 1243 631 1311 Historica
651 1243 808 1319 hominis,
821 1248 878 1330 qui
901 1251 1000 1315 rebus
1019 1254 1124 1333 gestis
1146 1254 1244 1320 iuter·

148 1344 262 1421 luerit,
278 1364 399 1428 easque
421 1344 631 1427 simpliciter,
653 1352 691 1409 ut
710 1356 816 1429 gesta
836 1358 941 1427 erant,
964 1355 1154 1430 narraverit,
1172 1354 1243 1419 lou·

150 1464 233 1527 gum
242 1446 342 1509 abire.

193 1561 291 1611 xxv.
313 1546 507 1611 Sedetano
530 1547 605 1629 ipse
625 1546 750 1612 iudicio
773 1552 1000 1634 antiquitatem
1021 1553 1124 1631 illam,
1139 1572 1241 1638 quem

143 1648 267 1730 jactat,
283 1648 508 1711 clarissimum
521 1649 556 1711 iu
566 1648 698 1713 modum
708 1652 831 1731 passim
843 1653 973 1717 refellit.
996 1653 1076 1719 Huc
1090 1657 1241 1737 pertinet,

144 1748 243 1831 quod
256 1750 382 1832 ubique
395 1750 501 1813 etiam
522 1750 559 1812 in
572 1750 778 1815 orationihus
800 1750 996 1818 Graeeurum
1011 1755 1055 1818 ad
1075 1755 1238 1840 Trojuuue

147 1849 244 1933 (vide
260 1866 300 1912 rr.
313 1850 369 1914 PL
384 1857 420 1913 ot
435 1865 494 1914 ιιι.
508 1849 563 1915 23.
579 1857 612 1914 et
633 1849 726 1933 apud
745 1850 905 1916 Melelam
921 1851 1012 1937 158.)
1026 1854 1127 1919 hosce
1147 1856 1239 1921 voel-

148 1957 200 2015 tat
222 1952 401 2028 Barbaros,
421 1970 529 2034 eoque
551 1954 681 2016 nomine
696 1949 830 2017 Graecls
852 1955 1006 2036 opponit,
1022 1973 1097 2019 cum
1114 1975 1156 2019 ea
1171 1973 1238 2021 vox

147 2051 208 2115 illo
222 2061 310 2117 eerte
326 2071 427 2116 seusu
441 2061 522 2116 tune
538 2052 698 2135 temporis
713 2053 858 2127 nondum
872 2053 1023 2118 fueritin
1036 2074 1114 2121 nau.
1139 2054 1237 2121 Unde

143 2155 370 2220 observarunt
380 2156 450 2237 jam
464 2153 544 2218 olim
560 2153 774 2236 Thucydides
791 2170 817 2216 ι.
830 2154 864 2220 3.
885 2163 918 2221 et
939 2156 1059 2219 Strabo
1081 2156 1141 2219 lib.
1156 2171 1237 2221 xrv.

145 2255 225 2319 661.
240 2258 301 2320 dtu.
329 2276 374 2320 ue
395 2256 578 2320 Homerum
606 2254 753 2337 quidem,
783 2255 843 2336 qui
869 2261 963 2318 tanto
992 2260 1141 2336 tempore
1163 2264 1239 2335 post

148 2355 255 2432 uixit,
269 2374 337 2418 uou
351 2355 459 2420 diuam
467 2355 643 2439 Trojauos,
656 2353 716 2419 sed
731 2372 839 2435 neque
852 2352 942 2416 ullos
958 2352 1055 2430 allos,
1065 2353 1237 2435 appellere

145 2455 334 2533 Barbaros,
349 2464 475 2521 tantum
494 2457 598 2520 semel
612 2454 719 2520 Caras
740 2454 849 2521 dicere
876 2440 1125 2540 dapssap'oodunr.
1168 2455 1237 2541 Op-

142 2557 272 2641 posilio
287 2565 403 2622 autem
425 2558 541 2623 isthaec
556 2555 750 2622 Graecorum
766 2564 800 2621 et
826 2555 1045 2621 Barbarorum
1068 2556 1167 2640 longe
1182 2576 1236 2622 se·

142 2660 209 2724 rior
221 2658 300 2739 suit,
320 2678 385 2723 uon
399 2659 553 2744 'lhoJ‘auis
570 2665 700 2723 tantum
714 2657 929 2740 temporibus,
946 2656 1007 2721 sed
1019 2665 1053 2722 et
1065 2659 1143 2741 ipso
1159 2658 1235 2724 Ho-

141 2778 244 2824 mero.
303 2759 426 2825 Strabo
441 2761 475 2825 d.
497 2763 521 2826 l.
536 2759 597 2822 alre
612 2757 839 2845 mraxpner‘qul
855 2766 889 2831 ὥς
906 2758 1000 2842 ὂθνικῷ
1016 2761 1097 2842 κοινῷ
1110 2758 1235 2841 ὀνόματι,

141 2862 369 2947 &homines
393 2863 460 2947 epis
480 2867 531 2924 τοῦ
547 2857 706 2938 Ἓλληνας,
732 2864 874 2943 ‘postea
895 2859 995 2923 abusi
1014 2859 1148 2924 aumus’
1170 2859 1234 2926 hae

141 2964 268 3027 voeeiu
283 2963 388 3027 alium
401 2982 512 3041 usum,
528 2963 661 3028 scilicet
674 2970 712 3027 ut
726 2963 894 3028 Barbaros
908 2961 1006 3042 quasi
1021 2965 1032 2994 ‘
1046 2960 1233 3029 commuoi'

140 3061 205 3126 hue
230 3062 411 3128 ‘Gentium
439 3064 604 3130 vocabulo
633 3063 910 3146 distingueremus
936 3076 958 3125 a
984 3059 1138 3127 Graecis!
1180 3063 1233 3128 Ea

141 3170 256 3227 tamen
270 3184 347 3229 eum
360 3165 451 3248 apud
472 3173 619 3230 uestrum
633 3164 756 3246 Dictyu
777 3163 824 3228 sit
843 3161 1121 3243 frequentissima,
1136 3180 1234 3224 nemo

140 3282 208 3327 nou
222 3264 323 3329 facile
342 3260 512 3346 iutelligit,
533 3264 636 3330 foisse
649 3284 727 3348 erpo
752 3265 847 3328 illum
869 3262 1022 3326 Homero
1036 3260 1135 3339 louge
1158 3278 1233 3341 pus·

143 3365 310 3429 teriooem.

191 3474 306 3525 xxvi.
326 3466 450 3531 Similis
467 3466 564 3549 pretii
594 3473 627 3531 et
647 3471 737 3530 neten
763 3470 827 3537 est,
857 3460 948 3544 quud
976 3458 1233 3528 ‘ineuntem‘

140 3572 313 3628 memoret
333 3583 379 3629 vr.
391 3569 421 3631 7.
435 3588 512 3632 uum
527 3569 590 3632 hoe
605 3586 724 3631 nomeu
738 3584 779 3629 ne
804 3562 905 3629 faudo
921 3561 1054 3645 quidem
1076 3563 1227 3628 auditum

134 3665 241 3729 fuerit
263 3665 397 3749 lhoJ‘aui
413 3668 491 3733 belli
506 3674 668 3751 tempore.
714 3668 847 3732 Diserte
863 3664 1016 3730 Velleius
1031 3663 1229 3730 Paterculua

139 3781 164 3828 r.
179 3764 214 3828 3.
235 3767 470 3850 appellationis
484 3768 586 3852 hujus
602 3769 759 3850 originem
775 3766 819 3831 ad
834 3772 966 3850 tempus
979 3765 1122 3842 demum,
1134 3764 1228 3849 quod

133 3865 204 3929 fuit
226 3873 303 3949 pust
321 3868 459 3933 reditum
485 3868 740 3933 Heraclidarum
764 3868 800 3931 in
824 3866 1106 3949 Peloponnesum,
1119 3867 1229 3943 refert

132 3983 218 4030 cum
233 3977 331 4033 antee
352 3970 624 4055 ‘Myrmidonum
645 3967 785 4036 eivitas'
806 3987 846 4033 ea
860 3968 952 4049 regio
979 3972 1015 4029 et
1036 3986 1116 4048 gena
1130 3966 1229 4033 suerit

131 4068 321 4152 appellata.
363 4069 512 4155 Subjleit
521 4082 602 4137 tune
616 4074 717 4137 verba
728 4071 783 4135 hie
797 4068 960 4134 notanda:
982 4072 993 4101 ‘
1005 4065 1083 4145 Quo
1097 4069 1227 4133 nomine

130 4169 248 4236 mirari
262 4173 420 4238 convenit
434 4192 505 4252 eos,
520 4175 579 4256 qui
593 4172 700 4238 Iliaca
713 4177 953 4255 eomponeutes
967 4176 1118 4253 tempora
1130 4168 1173 4232 de
1187 4185 1229 4230 ea
