3006 4906
278 364 344 434 eet
632 372 796 424 enervos
817 371 1029 422 onnrnusrs

278 521 468 609 persuadet,
481 519 535 584 nti
548 516 653 583 lilium
667 517 844 583 Hectoris·
857 522 973 581 neoetz
983 520 1130 580 netem
1140 514 1377 584 Andromeda

278 645 314 689 re
338 623 481 706 cognita,
495 618 649 685 metantis
676 618 822 702 periculi
839 617 906 681 vim
932 616 1144 700 subterfugit,
1166 620 1298 685 anxilio
1325 640 1381 703 po

278 725 445 809 polarium
468 725 626 790 liberete:
649 722 719 805 qui,
743 720 891 785 miserati
913 719 1062 784 fortunas
1083 720 1170 804 ejas,
1192 722 1282 787 ultro
1305 722 1380 787 Me·

278 829 411 893 neleom
435 825 647 892 contumeliis
670 824 850 905 prosecuti,
875 823 933 888 vix
958 842 981 887 a
1005 823 1153 905 pernicie
1174 824 1241 888 riri
1264 826 1380 889 retenti

279 936 367 994 runt
410 928 492 1010 [lu]
514 927 649 994 Interim
666 925 805 990 Orestes
828 924 1009 990 adveniens
1031 943 1100 988 rem
1119 931 1275 990 coneum
1299 946 1380 1009 cop

278 1032 401 1108 noscit,
429 1030 576 1096 hortatur
599 1028 802 1104 Menelaum,
823 1028 873 1091 uti
893 1032 1008 1109 ooepts
1028 1034 1208 1111 perageret,
1229 1028 1379 1111 ipseque

278 1131 398 1196 dolens
424 1134 627 1215 praereptum
652 1130 720 1195 sibi
744 1149 766 1195 a
788 1128 1016 1212 Neoptolemo
1043 1126 1234 1192 Hermiones
1259 1129 1376 1191 matri·

280 1234 439 1310 monium,
454 1232 594 1297 insidias
606 1231 798 1297 aduenienti
812 1248 930 1315 perere
946 1230 1086 1313 occipit.
1130 1229 1246 1313 Itaque
1260 1230 1374 1312 primo

279 1350 324 1398 eu
350 1334 403 1398 his
421 1352 509 1415 quos
533 1350 648 1398 seeum
672 1333 818 1397 habehat
839 1350 939 1416 quern
964 1330 1148 1395 fidissimos
1168 1329 1377 1413 speculatum

280 1431 323 1496 de
348 1432 492 1498 adventu
519 1431 731 1515 Neoptolemi
759 1432 915 1515 Delphos
938 1433 1049 1496 mittit.
1106 1430 1197 1509 Quis
1223 1432 1379 1517 cognitis,

281 1530 470 1612 Menelaus,
480 1534 587 1598 vitare
595 1533 826 1617 hujuscemodi
835 1534 965 1599 iaeinns
974 1534 1123 1617 cupiens,
1132 1534 1377 1616 Spartameon·

279 1633 380 1700 cedit.
422 1633 491 1699 Sed
506 1632 569 1712 illi,
585 1636 643 1718 qui
657 1636 824 1718 praemissi
839 1642 943 1713 erant,
951 1637 1102 1717 regressi,
1117 1635 1378 1719 Neoptolemum

280 1734 424 1819 Delphis
450 1754 525 1800 esse
548 1742 677 1819 negant.
721 1732 835 1814 Qnsre
856 1727 997 1803 conotus
1018 1737 1155 1802 Orestes
1177 1738 1255 1821 ipse
1269 1738 1314 1802 ad
1328 1739 1377 1801 in·

280 1839 497 1921 quisitionem
512 1837 770 1921 viriproieetns,
792 1856 859 1920 qna
873 1838 956 1903 ierat
978 1838 1033 1902 die
1053 1846 1204 1915 remeat,⁸
1217 1846 1257 1902 nt
1271 1855 1375 1902 sermo

282 1940 451 2004 hominurn
474 1940 651 2017 terebatur,
671 1939 803 2020 negotio
824 1939 989 2022 perfecto.
1035 1939 1121 2003 Dein
1144 1945 1376 2022 postponens

281 2041 355 2104 dies
370 2041 459 2106 sama
473 2040 645 2125 perfertur,
668 2040 823 2104 interisse
846 2037 1123 2125 Neoptolemum:
1144 2058 1291 2123 eumque
1315 2059 1380 2104 mr·

280 2159 377 2206 mone
392 2144 536 2207 omnium
551 2142 810 2208 circumventum
826 2143 959 2208 insidiis
975 2143 1104 2208 Orestis
1126 2162 1185 2226 per
1211 2141 1376 2225 populum

251 2241 529 2309 2disseminatnr.
561 2244 627 2309 -Ita
647 2245 792 2329 juvenis,
816 2245 875 2308 nbi
899 2242 942 2308 de
958 2243 1084 2328 Pyrrho
1106 2244 1220 2328 pelam
1243 2249 1309 2320 est,
1330 2262 1377 2306 re·

281 2350 380 2429 cepta
395 2345 592 2435 Hermiona,
615 2366 692 2429 qum
707 2347 774 2412 sibi
794 2353 895 2415 numa
917 2348 1086 2430 desponsa
1107 2354 1192 2424 erat,
1208 2345 1377 2427 Mycenas

281 2444 434 2510 discedit
471 2446 608 2511 interim
624 2447 750 2513 Peleus
764 2468 841 2513 eum
853 2447 1005 2525 Thetide,
1016 2448 1162 2531 cognito,
1181 2447 1318 2530 nepotis
1330 2447 1377 2510 in·

280 2546 391 2624 terito,
419 2546 462 2611 nd
484 2548 770 2630 investigationem
791 2551 863 2635 ejus
877 2548 1029 2635 proiecti,
1053 2556 1264 2633 cognossent
1279 2547 1377 2631 jare-

278 2666 355 2710 nem
370 2647 511 2731 Delphis
526 2638 720 2732 sepultum.b
742 2652 808 2730 Ibi,
822 2658 861 2718 nt
872 2671 949 2716 mos
962 2657 1043 2729 erat,
1053 2651 1150 2734 justa
1164 2650 1374 2734 persolvunt:

279 2752 552 2830 eognoecuntqne
577 2749 613 2811 in
626 2749 678 2813 his
693 2751 780 2816 locis
801 2753 966 2828 interisse,
987 2754 1044 2817 ubi
1059 2754 1154 2817 visus
1169 2751 1310 2818 Orestes
1322 2770 1376 2816 ne·

279 2846 429 2929 gebatur.
474 2844 526 2911 Ea
545 2866 681 2933 reaper
706 2852 870 2936 populum
893 2853 983 2919 hand
1008 2854 1153 2923 eredita:
1183 2855 1271 2919 odeo
1294 2874 1377 2938 pne·

280 2954 390 3013 sumta
407 2953 486 3014 ante
501 2948 574 3033 jam
589 2951 703 3035 opinio
725 2952 769 3019 de
783 2954 914 3021 Orestis
937 2954 1071 3019 insidiis
1092 2964 1292 3022 cunctorum
1307 2955 1377 3021 aui·

278 3051 344 3115 mia
373 3051 557 3139 inheeserat.
601 3051 757 3119 Ceterum
783 3055 912 3134 Thetis,
942 3057 1001 3121 ahi
1015 3056 1235 3122 Hermionam
1264 3056 1376 3121 Oresti

275 3150 430 3235 junctam
445 3151 549 3231 videt,
564 3151 847 3235 Andromacham,
868 3164 968 3242 partu
982 3158 1179 3241 grauidamt
1201 3178 1246 3224 ex
1262 3158 1378 3245 Neop-

772 3355 878 3407 NOTAE

310 3470 320 3496 ¹
339 3460 383 3514 Uli
391 3464 474 3531 fllhuu
485 3463 612 3529 Hectoris]
627 3465 710 3517 Immo
722 3469 808 3532 potins
847 3466 908 3532 terr]
919 3468 1243 3535 Euripidesserihitipsnn
1251 3469 1383 3537 Poleam,

278 3536 448 3600 Neoptolemi
458 3540 609 3591 Molossum.
846 3546 945 3594 monitu
960 3546 1088 3607 Thetidis,
1105 3547 1171 3609 opud
1187 3544 1299 3609 Delphos
1319 3548 1383 3600 Ne.

308 3614 321 3642 ⁸
338 3612 393 3666 Qun
403 3611 466 3659 ieret
475 3613 514 3661 die
524 3615 626 3681 rement]
644 3616 704 3668 Non
721 3620 807 3682 potuit
845 3622 1004 3684 optoiemum
1016 3622 1147 3686 sepelisse.
1165 3617 1238 3683 epae
1249 3618 1383 3685 Delphos

277 3697 339 3747 ergo
359 3684 476 3746 Delphos
494 3689 646 3752 pervenire3
675 3706 690 3740 a
711 3693 807 3744 Phthla
846 3703 931 3748 autem
943 3700 1072 3763 sepultum
1089 3695 1167 3748 fnisse
1181 3709 1264 3747 onae·
1278 3708 1384 3751 nnete·

276 3760 344 3808 enlm
356 3758 471 3824 Delphos
482 3776 561 3826 usque
571 3765 804 3834 longlnrriaqnam
846 3786 886 3822 rer
912 3772 1027 3834 tradunt,
1049 3782 1147 3838 preater
1167 3771 1314 3836 Hyginum,
1337 3779 1386 3842 qni

275 3848 332 3898 qun
344 3832 387 3882 die
401 3847 450 3884 uno
462 3845 507 3886 rot
518 3839 602 3890 altero
612 3841 706 3891 confici
717 3854 804 3908 queat.
844 3845 898 3899 sab.
908 3852 964 3898 m.
974 3848 1065 3905 scribit
1076 3850 1132 3913 rjus
1144 3863 1200 3899 orer
1211 3862 1255 3912 per
1265 3847 1385 3902 Ambra·

277 3906 319 3956 Ab
347 3908 469 3973 Euripide
497 3914 576 3977 igitur
602 3915 732 3976 dissentit,
760 3921 804 3984 qni
844 3922 1023 3987 clanspsm
1040 3922 1135 3974 inbre:
1161 3933 1189 3974 et
1208 3922 1336 3990 ondins,
1358 3929 1384 3978 ir

275 3982 365 4033 seriblt
381 3985 588 4048 Neoptolemum,
600 3991 626 4039 ln
640 3992 695 4059 ipro
707 3995 804 4058 templo
844 3996 886 4048 lh.
911 3998 985 4048 ‘Nee
1004 4006 1049 4047 tur
1068 4012 1146 4061 qnam
1162 3996 1254 4063 Pyrrhi
1273 3997 1381 4052 felicius

276 4054 417 4124 Delphico,
439 4061 472 4110 rb
492 4058 588 4117 Oreste
606 4073 634 4117 et
654 4067 712 4120 aliia
733 4071 802 4121 orel·
844 4072 1379 4139 sesquiannuspnmperenbnesn

276 4144 341 4187 aum.
841 4162 899 4213 qun
905 4148 1014 4212 jacuere
1025 4146 1097 4197 vlrs'

307 4212 320 4248 ⁸
337 4209 602 4281 emmim·
612 4214 714 4282 Delphis
725 4223 800 4286 repul·
873 4230 885 4256 2
901 4224 983 4274 Parta
991 4220 1132 4287 providae]
1158 4218 1255 4287 Pyrrhi
1276 4230 1305 4276 et
1321 4224 1377 4276 An·
