3034 4928
278 410 323 474 ti
548 418 629 469 sno.
650 414 843 467 rnnrzosn
868 414 1120 469 niesnnrarro

146 604 155 619 ·
275 572 371 660 quod
380 571 455 656 jem
467 568 553 637 eutis
563 586 670 654 snpra
682 566 941 635 oonfirtarimns.
982 565 1114 635 Verum
1128 568 1173 635 (le
1185 571 1277 654 stylo
1287 573 1382 656 quoti

278 674 341 751 ait,
356 672 547 738 indecorum
561 676 625 748 est,
638 670 686 736 ita
699 666 826 747 viram‘,
840 668 926 747 viro,
942 668 1003 753 qui
1015 669 1191 737 hunimti
1201 675 1383 757 tantopere

277 774 438 841 attendit.
482 770 575 851 Quid
600 772 715 837 enimi
755 769 814 837 An
842 769 887 837 ad
911 769 1059 854 Nepotis
1088 771 1225 857 stylum,
1252 780 1313 840 ant
1335 774 1383 840 au

279 873 403 940 Velleii
432 890 543 939 sevum
572 871 737 938 aooedunt
759 870 993 939 ‘contentari’
1021 870 1143 939 eodem
1171 892 1285 953 aman,
1312 895 1382 960 qno

278 992 370 1040 nuno
386 972 488 1056 vulgo
504 960 888 1038 dieunt'‘1²rotesuri:’
917 969 1075 1053 ‘Testari
1089 974 1183 1039 brevi
1196 975 1381 1054 ultioml

278 1072 349 1140 lroo
371 1079 436 1151 eat,
451 1073 580 1153 minari,
595 1072 817 1139 denunciare:
847 1072 1084 1158 ‘edhoepitare
1100 1074 1167 1140 eibi
1188 1076 1306 1154 Deos:
1332 1096 1380 1143 ex
1503 1144 1504 1151 ,

279 1172 480 1251 Greeoiemo,
502 1174 546 1237 lul
568 1173 644 1260 ξενίᾳ
665 1176 783 1238 umis:
805 1173 1024 1240 ‘Reiormere
1054 1175 1164 1242 dien:
1186 1195 1265 1242 oum
1287 1180 1382 1244 nullo
1503 1178 1504 1183 ’

281 1276 431 1343 remedio
452 1275 575 1342 mederi
596 1275 731 1359 poem:
752 1277 907 1360 passive:
930 1275 1092 1343 ‘annn’
1113 1297 1175 1361 pro
1188 1280 1266 1361 ipso
1280 1279 1382 1345 ouria·
1503 1284 1504 1289 ’

282 1397 362 1443 vere
378 1382 412 1443 et
433 1377 610 1462 sepulcro:
634 1376 790 1442 ‘cuncte
815 1384 965 1444 extrema
986 1387 1082 1445 ntus
1102 1379 1266 1464 experiri:
1289 1380 1383 1446 ‘Re

285 1476 437 1544 darmare
450 1497 569 1543 munus
581 1478 602 1544 ε’
624 1477 817 1561 ‘conjuges
832 1478 1096 1565 Principalium,'
1110 1480 1205 1564 qnod
1225 1481 1383 1565 ueqm

284 1578 454 1663 aequioris
468 1581 535 1645 oevi
549 1580 792 1665 scriptoribnet
814 1579 930 1647 ‘Alter
950 1581 1181 1648 thinadibus
1191 1581 1384 1666 immrator,

284 1680 657 1767 AgapenorAroadieez'
667 1683 850 1749 ‘Desinere
860 1682 1090 1768 pernoctando
1101 1682 1194 1748 humi
1203 1681 1223 1748 :'
1237 1682 1384 1763 ‘Quanti

284 1782 452 1863 mortales,
467 1783 606 1868 quinam
620 1790 656 1849 et
670 1785 789 1869 quenti
803 1783 1005 1870 Pelopidm,’
1020 1785 1085 1849 hoo
1099 1790 1162 1863 est,
1176 1790 1269 1869 quot,
1285 1787 1380 1868 quod

284 1884 545 1953 usitatissimum
558 1885 623 1951 fuit
636 1883 846 1969 Septimiano
859 1903 955 1951 muoz
978 1884 1186 1952 ‘Delntaret'
1208 1886 1268 1952 ‘Is
1288 1887 1385 1970 Aga-

285 1988 450 2053 memnoni
463 1987 650 2065 insinuune,
664 2005 741 2070 quoe
757 1986 849 2052 oiroa
867 1985 974 2051 tiliam
995 1986 1069 2070 ojus
1089 1988 1293 2066 evenissent,
1309 1990 1385 2053 ani-

283 2094 498 2172 memetque
520 2094 673 2153 ornatum
695 2087 782 2171 regie
804 2085 1017 2166 reformarit'
1029 2087 1096 2154 hoo
1117 2095 1183 2165 est,
1198 2090 1336 2156 oumiter
1349 2095 1388 2154 et

284 2188 436 2254 modeste
456 2188 665 2272 significans:
687 2190 826 2274 ‘Super
849 2207 926 2274 quen
948 2189 1095 2273 juvenis,
1117 2189 1210 2257 aliud
1236 2194 1387 2273 tempus,

282 2289 388 2356 elium
405 2291 532 2370 looum,
547 2298 792 2376 motatumque
814 2291 887 2357 iore
908 2290 1091 2376 respondit.
1133 2289 1387 2374 Etiadignetua
1417 2314 1424 2331 ·

283 2390 434 2456 nondum
448 2393 515 2457 eibi
537 2411 559 2456 a
579 2392 718 2459 Priamo
740 2412 843 2478 super
863 2394 927 2472 his,
941 2413 1019 2477 quoe
1042 2413 1158 2459 mum
1172 2398 1386 2472 tractaverat,

285 2491 502 2570 mandatum,'
529 2492 596 2558 hoo
632 2499 695 2571 eat,
725 2494 938 2559 nunciatum:
962 2497 974 2530 ‘
985 2494 1167 2560 Rumonem
1197 2495 1233 2560 in
1258 2492 1387 2559 Verum

284 2597 464 2658 traxerant
487 2592 640 2673 ‘Solito‚'
650 2594 824 2661 absolute:
840 2595 1090 2661 ‘Goadunerei
1104 2594 1387 2676 Quietumdisee-

290 2691 391 2773 ditur,
412 2693 478 2759 hoo
500 2700 566 2772 est,
585 2695 760 2763 cubitum:
795 2696 973 2763 ‘Relatum
998 2696 1107 2763 differt
1133 2698 1169 2762 in
1192 2696 1386 2781 proximam

284 2794 399 2873 diem:
414 2796 480 2860 hoo
493 2802 557 2875 eet,
569 2796 846 2864 renuntiationem
858 2800 1035 2882 legationis
1047 2818 1130 2867 sua.
1172 2798 1389 2882 ‘Sollapsum

290 2895 403 2976 ooelo‚'
427 2897 494 2963 hoo
509 2903 573 2977 est,
586 2898 777 2983 delapsum.
821 2901 950 2986 ‘Super
963 2901 1129 2986 qualitate
1152 2920 1271 2967 eornm
1290 2917 1389 2964 exer·

290 2995 382 3075 tius}
403 2998 470 3064 hoo
481 3006 546 3079 eei,
560 3000 685 3081 acrius,
707 3002 948 3068 ‘disserturum
959 3002 978 3069 :’
1001 3001 1257 3089 ‘Impossibilia
1269 3005 1389 3086 posu·

228 3162 233 3171 ,
290 3088 361 3164 lere
374 3098 394 3164 ι’
416 3099 609 3168 ‘Placitum
631 3102 827 3181 confirmat‚'
846 3105 914 3170 hoe
938 3108 1003 3182 est,
1017 3113 1215 3170 conventum
1235 3107 1389 3187 paetum.

289 3200 415 3269 ‘lovis
437 3201 746 3271 Anteaeditieielisz'
769 3206 920 3272 ‘Forma
942 3203 1203 3291 perlaudabilia'
1245 3203 1338 3270 fleo
1352 3210 1391 3270 et

280 3303 413 3371 similia
425 3305 502 3389 quis
515 3306 648 3374 tandem
664 3306 794 3372 Latinae
806 3307 983 3390 elegantiae
996 3308 1088 3373 haud
1101 3306 1276 3391 imperitus
1288 3305 1390 3370 ‹lixe-

288 3405 332 3469 rit
353 3406 446 3472 illius
466 3427 540 3475 esee
562 3409 686 3487 aetutie,
711 3429 779 3494 qna
799 3409 953 3493 maxime
970 3409 1088 3476 isthmo
1114 3407 1229 3491 lingua
1248 3406 1389 3472 floreiti

227 3576 230 3581 y
289 3501 378 3569 Vide
392 3507 493 3572 etiam
508 3509 634 3576 Oleum
645 3512 866 3591 Borriohium,
877 3517 914 3577 et
928 3511 1138 3579 Gronovimn
1152 3508 1299 3605 Patrem,
1314 3509 1390 3575 Ob·

289 3622 375 3668 aerv.
389 3605 523 3672 Eeolea.
537 3609 593 3673 25.
1238 3682 1248 3693 ,

336 3720 485 3772 xxxix.
508 3706 628 3793 Neque
650 3716 762 3777 tamen
776 3716 966 3799 negaverim
981 3712 1158 3797 Solonem,
1172 3711 1265 3796 qnod
1281 3710 1392 3790 addit,

289 3807 476 3874 ‘nonnullis
490 3808 578 3875 looie
594 3811 740 3896 Dictyoe
753 3813 880 3899 aliquid
893 3816 976 3882 mali
991 3834 1014 3881 a
1028 3813 1118 3879 male
1127 3810 1392 3896 esseobjeotnm

289 3907 413 3975 rrstsnn.²
449 3908 483 3976 N
485 3929 526 3977 eo
537 3913 625 3978 enim
639 3913 770 3995 dubito,
785 3918 867 4001 quin
876 3917 993 3983 multia
1006 3917 1043 3983 in
1052 3916 1138 3982 loeis
1146 3913 1249 3980 etiam
1259 3913 1392 3979 librari·

286 4026 382 4073 orum
396 4009 502 4094 eulpa
526 4012 678 4099 Scriptor
691 4016 748 4083 hio
768 4016 863 4085 fonde
884 4019 930 4084 sit
954 4016 1151 4102 stribiligine
1172 4014 1329 4094 vitiatus,
1354 4022 1393 4079 et

290 4110 462 4195 eomplnra
473 4112 548 4198 ejus
561 4118 696 4198 generis
718 4119 821 4185 etlam
841 4136 931 4186 nuno
943 4119 1127 4203 supersint.
1168 4114 1294 4181 Eorum
1307 4131 1393 4180 non·

284 4210 518 4281 -nolleuoatree
530 4214 1126 4307 nmmeuveumienioproloremm.
1147 4216 1207 4284 sie
1219 4216 1286 4281 ut.
1299 4220 1311 4251 ‘
1323 4215 1395 4281 Po-
