3006 4906
309 422 374 487 302
683 434 844 483 nnnrrrs
869 436 1027 483 aaaron

310 598 395 655 esse,
411 578 470 641 sed
485 576 746 641 Laomedontem
769 595 829 639 eos
851 578 993 658 priorem
1017 578 1171 644 laesisse:
1195 582 1367 648 Antenorea
1481 638 1482 665 ,

309 679 482 743 discedere
491 677 624 761 jubent
669 677 750 741 lnde
773 677 895 761 Pylum
920 677 964 742 ad
988 679 1166 746 Nestorem
1189 686 1287 761 uenit,
1306 687 1372 749 dixit
1481 682 1482 761 l

307 780 449 851 Nestori
464 797 532 862 qna
545 777 588 841 de
601 797 705 842 cansa
718 779 877 843 venisset·
920 777 1037 855 Quint
1059 780 1198 859 audivit,
1220 785 1372 867 coepitotr
1481 780 1482 827 ³

303 884 447 967 jurgare,
462 899 521 944 cur
535 898 640 944 ausus
654 880 698 943 sit
711 880 746 942 in
761 878 928 944 Grmciam
941 880 1064 957 venire,
1080 900 1156 945 eum
1171 903 1194 946 a
1207 884 1372 968 Phrygibus
1481 868 1482 935 l

308 983 423 1048 Graeci
437 983 529 1065 prius
543 982 618 1046 laesi
632 981 784 1044 fuissent
828 979 896 1045 Ubi
911 980 1041 1044 audivit
1055 976 1204 1047 Antenor
1225 985 1267 1048 nil
1282 986 1372 1067 impe·

308 1094 427 1158 trasse,
442 1089 477 1147 et
491 1082 732 1145 contumeliose
752 1081 883 1145 tractari
898 1079 1078 1155 Priamum,
1098 1086 1205 1146 navim
1228 1105 1371 1149 conscen-
1481 1082 1482 1089 ’

309 1186 369 1263 dit,
392 1185 525 1248 domum
551 1201 703 1246 reversus
724 1188 785 1245 est
829 1182 964 1245 Priamo
988 1183 1056 1264 regi
1080 1182 1279 1262 demonstrat,
1293 1204 1369 1267 quo·
1481 1184 1482 1271 i

307 1287 409 1352 modo
431 1283 662 1365 unnsquisque
683 1280 909 1364 responderit:
933 1289 967 1345 et
981 1281 1150 1364 quomodo
1165 1285 1206 1348 ab
1220 1285 1369 1348 illumne
1481 1354 1482 1377 ¹

307 1396 397 1453 tatus
422 1387 485 1449 sit:
514 1383 681 1465 simulque
702 1384 853 1447 hortatus
876 1389 927 1447 est
952 1383 1132 1461 Priamum,
1156 1394 1194 1448 ut
1217 1405 1271 1449 eos
1291 1385 1368 1447 bello
1481 1404 1482 1449 ι

305 1492 537 1572 persequatur.
580 1485 645 1565 [6.]
666 1482 836 1548 Continuo
860 1484 1012 1548 Priamus
1033 1484 1122 1548 filios
1145 1488 1256 1550 uocari
1275 1485 1369 1567 jobet,

304 1596 338 1653 et
352 1605 468 1651 omues
480 1586 606 1649 amicos
622 1604 715 1661 snos,
727 1583 942 1661 Antenorem,
954 1584 1138 1663 Anchisen,
1147 1587 1278 1661 AEneau,
1292 1583 1369 1648 Uca-

303 1684 493 1771 legontem,‘¹
510 1684 752 1764 Bucolionem,·
774 1682 961 1761 Panthnm,‘
980 1686 1212 1768 Lamponem,⁸
1224 1696 1256 1751 et
1268 1704 1368 1748 omnes

303 1788 392 1852 tilios
408 1789 466 1871 qni
482 1807 527 1852 ex
542 1785 737 1851 concubinis
757 1787 829 1850 nati
851 1794 954 1850 erant.
999 1785 1065 1865 Qui
1093 1795 1133 1851 ut
1159 1794 1367 1859 convenerunt,
1481 1834 1482 1837 ,

304 1889 392 1955 dixit
405 1891 455 1954 eis
471 1909 509 1953 se
526 1886 724 1951 Antenorem
738 1886 884 1967 legatum
898 1887 933 1949 in
948 1885 1118 1951 Graeciam
1137 1889 1276 1963 misisse,
1292 1892 1325 1949 nt
1338 1886 1370 1948 ni

304 1992 369 2055 sibi
384 1989 615 2054 satisfacerent
629 1984 718 2071 quod
733 1993 860 2068 patrem
880 2005 976 2050 sunm
994 1996 1180 2066 necassent,
1197 1988 1368 2051 Hesionam

303 2092 368 2156 sibi
384 2089 568 2167 redderent,
576 2088 653 2152 illos
668 2087 910 2150 contumeliosa
919 2088 1108 2165 tractasse,⁶
1119 2087 1132 2124 ¹
1145 2096 1181 2153 et
1189 2087 1372 2152 Antenorem

301 2192 385 2257 nilril
400 2191 444 2255 ab
465 2192 515 2254 eis
539 2191 738 2272 impetrasse
746 2172 759 2250 ι’
778 2205 891 2250 rerum
906 2189 1062 2271 quoniam
1078 2209 1174 2255 snam
1188 2191 1373 2254 uoluntatem

301 2294 409 2359 facere
423 2292 621 2365 noluissent,
633 2288 736 2353 videri
752 2289 816 2352 sibi
825 2291 1013 2354 exercitum
1026 2293 1060 2355 iu
1068 2291 1237 2356 Graeciam
1248 2291 1375 2362 mittere,

301 2397 361 2477 qui
385 2392 520 2475 praedas
542 2396 692 2474 raperet⁷
726 2389 769 2452 ab
789 2389 860 2468 eis;
885 2409 927 2452 ne
952 2389 1129 2456 barbaros¹
1150 2392 1263 2457 Graeci
1281 2390 1375 2453 irrisui

300 2493 469 2557 haberent.
513 2489 744 2572 Hortatusque
760 2494 813 2553 est
822 2487 976 2553 Priamus
990 2492 1115 2555 liberos
1128 2509 1224 2568 suos,
1240 2500 1275 2553 ut
1288 2488 1376 2571 liujus

299 2594 346 2656 rei
361 2592 529 2675 principes
553 2591 671 2666 forent,
695 2590 842 2653 maxime
858 2589 1061 2654 Hectorem:
1084 2598 1158 2654 erat
1177 2592 1264 2655 enim
1282 2590 1375 2672 maj0r

299 2699 398 2755 natu:
421 2692 478 2773 qui
493 2692 600 2772 coepit
614 2689 735 2766 dicere,
751 2690 835 2755 velle
857 2710 896 2754 sc
910 2691 1045 2773 quidem
1067 2690 1272 2756 voluntatem
1286 2689 1375 2773 patris

299 2793 433 2876 exequi,
448 2798 483 2855 et
493 2790 730 2856 Laomedontis
746 2791 803 2854 avi
818 2792 873 2854 sni
887 2809 1004 2856 necem
1019 2792 1152 2868 ulcisci,
1163 2803 1200 2857 et
1214 2806 1375 2875 quascum-

300 2913 364 2978 que
388 2892 526 2978 injurias
549 2892 662 2956 Graeci
686 2891 845 2975 Trojanis
872 2892 1044 2970 inessent,
1068 2912 1110 2956 ne
1132 2894 1327 2976 impunitum
1346 2887 1376 2950 id

300 2994 414 3064 Graiis
438 2993 538 3059 soret:
562 2993 623 3058 sed
640 2995 755 3070 vereri,
778 3012 819 3056 ne
845 2993 933 3056 non⁸
956 2993 1113 3075 perficere
1140 3001 1279 3077 possent
1297 2987 1378 3077 quod

749 3189 930 3211 OWOO

329 3326 347 3370 a
364 3292 500 3374 unare
517 3321 659 3385 nequ-r
678 3321 776 3384 aare
787 3319 930 3383 napa-e
946 3319 1054 3369 omani
1067 3317 1162 3382 napa
1176 3318 1291 3367 vuarno
1301 3329 1352 3363 m.

788 3510 894 3561 NO'l'AE

326 3620 339 3655 i
358 3622 535 3686 onumen]
551 3625 653 3690 Daque
665 3626 818 3676 namur.
856 3618 1330 3684 ruoet‘illoreontumelimegiuess

295 3705 321 3751 el
333 3697 405 3758 virg.
414 3698 471 3746 din.
484 3711 516 3748 rr.
888 3697 895 3730 ¹
911 3699 951 3748 Ne
961 3697 1083 3761 larum]
1096 3698 1139 3748 Ne
1146 3694 1237 3747 mireris
1248 3694 1292 3742 hie
1305 3693 1384 3742 Pria·

326 3771 519 3836 ‘Bucolicum
541 3774 637 3825 Priami
655 3772 761 3826 fratrem
773 3790 817 3840 pa·
856 3786 925 3822 mum
945 3786 972 3821 te
999 3771 1085 3836 iprum
1112 3771 1246 3822 Barbarum
1275 3782 1388 3819 vocare.

294 3854 405 3898 ternum.
857 3850 925 3900 Nam
935 3851 972 3898 rte
983 3847 1053 3912 apud
1068 3847 1215 3911 Euripidem
1232 3844 1350 3895 Hecuba
1360 3856 1387 3895 et

325 3920 480 3989 frustm]
497 3926 600 3975 Patrem
615 3923 819 3988 Pulydamantis,
856 3924 958 3974 Hector
978 3937 1006 3972 re
1029 3924 1099 3987 ipsos
1121 3929 1216 3972 vocant
1235 3920 1385 3970 Barbaros:

292 3995 329 4047 de
337 4012 387 4061 quo
399 3999 465 4061 apud
476 4000 583 4064 Dictyn.
856 4015 941 4065 neque
963 4008 1026 4049 tunc
1050 3999 1117 4048 male
1140 3998 1250 4048 sonaim
1272 3998 1385 4062 apfflts

323 4072 504 4137 summ]
521 4076 638 4127 Fratrem
650 4075 757 4126 Priami.
856 4076 894 4125 tto
909 4074 965 4137 iila,
981 4082 1009 4127 ot
1019 4074 1086 4124 maia
1101 4073 1269 4139 qnidamsilri
1285 4086 1384 4138 peram·

322 4147 410 4198 *llius
427 4151 588 4201 castaneum
610 4157 723 4204 metue
741 4151 816 4215 [tran
856 4151 928 4203 deut.

290 4223 380 4289 imre]
405 4225 489 4276 Deest
502 4223 616 4287 aliquid3
633 4228 723 4278 melius
733 4228 814 4292 terip-
