3034 4928
295 389 337 453 10
639 403 829 453 rossanus
852 402 1037 451 scanicae

294 544 428 610 lunam!
471 542 699 609 Dectissimns
711 543 894 608 Politianns
906 542 960 605 hic
976 542 1158 606 amiciatur
1169 550 1289 626 praeter
1303 546 1381 609 soli·

294 655 375 724 tum,
403 645 445 709 de
473 645 606 709 silentio
628 645 725 709 lcum.
767 642 910 708 Constat
929 642 1028 724 igitur
1048 644 1200 707 omnibus
1231 643 1271 707 de
1297 653 1381 709 tem·

293 765 375 829 pore
389 746 478 823 anni,
494 765 557 809 nen
571 744 612 810 de
627 762 723 809 0000.
767 743 857 808 Nam
871 742 936 807 fine
950 744 1039 807 veuls
1062 743 1152 808 11100
1168 752 1304 827 captum
1320 763 1381 809 vo·

292 846 374 925 lunt,
389 848 577 931 paniosate
593 844 788 909 solstitium.
828 841 927 922 Quod
943 848 978 907 et
986 841 1149 925 Virgilius
1163 849 1299 909 secutus
1308 854 1380 910 est:

589 943 661 1008 Vix
672 944 780 1026 prima
793 942 964 1025 inceperat
978 950 1095 1020 metas,

421 1046 467 1110 Et
480 1052 576 1128 pater
588 1044 714 1109 AEneas
726 1044 803 1107 dure
817 1044 927 1107 ventis
943 1044 1017 1108 vela
1023 1044 1172 1128 jubebat.

293 1148 346 1213 De
365 1165 452 1211 0000
474 1163 553 1209 vcro
572 1162 639 1207 non
665 1143 828 1208 convenit.
873 1142 979 1225 Atqui
1003 1143 1190 1209 doctissimi
1211 1146 1378 1225 intereos,

292 1248 351 1333 qui
365 1248 437 1313 haec
447 1243 936 1329 disquisivernnt,intervallum
951 1262 972 1307 a
986 1252 1085 1327 capto
1101 1244 1165 1309 Ilio
1180 1245 1222 1309 00
1237 1247 1378 1328 primam

292 1346 526 1432 Olympiadem
558 1343 721 1408 deliniunt
748 1362 908 1408 annorum
934 1344 1010 1408 407.
1032 1346 1185 1429 praecise,
1210 1346 1377 1430 Ephorus,

292 1447 524 1523 Callisthenes,
540 1445 733 1521 Damastes,
750 1443 962 1529 Phylarchus,
974 1444 1377 1532 0000000010100100010,

291 1547 414 1630 quibus
429 1547 568 1610 multum
582 1546 695 1610 tribuit
709 1546 895 1629 Dionysius
912 1546 1234 1612 Helicamussensis.
1264 1548 1378 1626 Quare

291 1647 460 1712 Diodorus
472 1647 621 1725 omnium
634 1646 904 1712 accuratissimus
915 1648 966 1711 eit
976 1666 1096 1711 annum
1109 1647 1376 1732 0110001001]ιο-

289 1747 465 1830 01001094.
479 1746 692 1822 desinentem,
708 1746 769 1810 hoc
785 1754 848 1825 est,
862 1765 983 1811 annum
998 1745 1074 1810 373.
1097 1766 1119 1811 0
1137 1750 1245 1831 prIme
1261 1747 1376 1833 Olym·
1459 1800 1463 1809 .

288 1849 367 1929 pico
387 1846 525 1924 ludicro,
553 1865 628 1910 esse
649 1846 830 1929 ὀγδοηκοστὸν
852 1845 917 1931 πρὸς
936 1847 995 1919 τοῖς
1024 1845 1201 1919 menoclem
1228 1852 1302 1929 μετὰ
1326 1852 1376 1928 niv

291 1945 389 2034 Τροίας
403 1946 519 2010 lauria
568 1947 728 2012 Deductis
752 1945 851 2030 igitur
865 1947 941 2012 373.
964 1946 1007 2011 00
1019 1945 1095 2012 780.
1112 1956 1279 2014 remanent
1293 1952 1374 2015 anni

288 2051 366 2116 407.
423 2049 637 2113 Intervallum
653 2068 674 2113 0
689 2055 788 2132 capto
798 2049 865 2114 1110
881 2048 925 2112 00
935 2048 988 2112 05.
1011 2045 1247 2132 Olympiadem
1262 2050 1375 2115 inenn·
1480 2070 1490 2079 ·

287 2158 364 2215 tem.
407 2148 557 2230 Contigit
574 2148 673 2231 igitur
693 2168 793 2214 casus
808 2167 894 2212 anne
906 2147 1002 2212 tertio
1021 2149 1127 2213 tertias
1141 2149 1374 2215 Tetroeteridos

286 2247 423 2327 Atticm,
436 2248 498 2313 hoc
510 2255 573 2324 est,
588 2266 677 2314 0000
690 2250 742 2313 ll.
753 2248 882 2332 periodi
897 2246 1034 2325 Atticae,
1051 2247 1245 2331 plenilunio.
1281 2248 1378 2314 Neo-1

286 2351 392 2415 meniu
411 2348 651 2430 Thargelioncs
671 2349 728 2414 31.
753 2348 837 2413 1101.
879 2347 1051 2411 Vicesima
1065 2348 1164 2412 tertia
1177 2348 1374 2431 'thargelio-

285 2470 350 2515 nns
362 2452 396 2513 iu
408 2447 585 2513 001000.
640 2446 845 2530 Supererant
861 2446 904 2509 00
923 2455 1027 2529 caput
1040 2448 1118 2511 anni
1134 2450 1305 2529 sequentis
1319 2451 1373 2515 37.

285 2549 379 2613 dies:
401 2567 540 2631 quorum
556 2546 609 2612 16.
624 2546 666 2611 00
682 2548 787 2634 τροπὰς
801 2545 914 2634 leguvas,
929 2547 962 2611 id
979 2557 1033 2613 est
1042 2547 1073 2612 8.
1086 2546 1173 2611 Julii
1184 2547 1371 2613 exclusive.

285 2647 543 2731 Etproiudedl.
558 2645 787 2734 0100100000
803 2642 913 2731 ἡμέραι,
929 2647 972 2711 00
988 2652 1089 2730 caput
1102 2649 1178 2712 anni
1189 2651 1372 2731 sequentis,

284 2755 322 2813 01
341 2748 445 2812 habes
467 2747 552 2812 libro
571 2747 743 2830 0010010
756 2746 890 2810 Tabula
906 2746 1162 2812 Neomeniarum
1174 2747 1371 2814 Atticamm.

284 2848 350 2912 Sed
365 2847 550 2930 Dionysius
566 2848 879 2913 Halicarnasseusis
901 2847 984 2912 dicit
996 2848 1099 2915 luisse
1114 2849 1231 2931 viginti
1244 2857 1370 2915 tanturn

282 2943 430 3032 πιριπᾶς,
449 2950 497 3011 17.
512 2955 621 3013 autem
634 2948 677 3012 ad
691 2946 808 3031 τροπάς.
842 2948 1004 3031 intelligit
1017 2967 1093 3033 ergo
1108 2949 1282 3014 inclusive.
1315 2948 1372 3013 ln·

283 3048 536 3114 0100000108.
556 3048 640 3114 Julii
661 3050 696 3112 in
714 3040 813 3113 'illum
833 3067 1014 3113 numerum.
1058 3046 1159 3127 Quod
1180 3055 1215 3115 et
1238 3049 1369 3114 Plutar-

282 3148 378 3213 chum
400 3148 509 3214 facere
534 3149 838 3226 animadvertimus,
853 3149 912 3231 qni
933 3168 993 3232 pre
1014 3148 1165 3233 τριάκοντα
1187 3150 1269 3215 01011
1289 3174 1369 3236 τρια-

283 3246 394 3328 κοπδν,
409 3255 443 3315 01
455 3258 571 3315 contra
586 3246 739 3313 inermis
753 3269 814 3334 pro
830 3245 938 3312 10000.
983 3248 1103 3333 Neque
1111 3249 1170 3315 ille
1179 3251 1299 3329 solum,
1309 3252 1369 3316 sed

282 3355 317 3413 et
332 3351 389 3415 ulii
401 3349 527 3416 Graeci.
571 3350 694 3416 Incidit
708 3352 808 3434 igitur
821 3350 881 3414 ille
895 3368 1002 3414 annus
1017 3351 1050 3413 in
1064 3350 1160 3416 3531.
1171 3350 1298 3434 periodi
1305 3350 1329 3416 J
1331 3372 1368 3416 u·

280 3449 392 3514 lianm.
435 3450 553 3515 Annus
567 3459 678 3517 antem
693 3454 820 3535 primus
835 3451 940 3534 Iphiti
954 3450 1072 3514 incidit
1085 3452 1120 3514 10
1135 3470 1255 3516 annum
1269 3451 1367 3518 3908.

280 3548 407 3630 pedodi
422 3547 581 3614 Iulianae.
611 3552 820 3630 DifferentIa,
837 3551 916 3614 anni
937 3550 1013 3615 407.
1027 3551 1119 3633 quod
1132 3560 1203 3615 erat
1216 3554 1368 3636 proposi·

280 3655 362 3711 tum.
407 3645 552 3712 Notabis
574 3654 680 3713 autem
703 3651 736 3714 10
758 3653 875 3716 100010
895 3651 1153 3716 Neomeniarum
1167 3650 1367 3729 Atticarum,

279 3747 366 3811 libro
392 3747 510 3830 primo,
536 3745 668 3834 περιτταῖς
693 3747 796 3836 ipim
818 3751 977 3834 pertinere
991 3770 1056 3816 000
1070 3752 1114 3816 00
1135 3772 1209 3817 000
1226 3762 1366 3833 0000ος

280 3844 981 3933 0010000000000100000000000100.
1025 3852 1224 3936 Exemplum
1248 3853 1283 3917 in
1296 3853 1366 3937 pri·
1416 3860 1423 3875 '

278 3965 335 4012 mo
350 3965 436 4011 anno
451 3949 582 4031 periodi
601 3955 775 4016 annotatur
786 3953 901 4036 περιττὴ
915 3953 1017 4020 nulla.
1060 3952 1143 4018 Hoc
1157 3952 1331 4035 significat,
1344 3973 1366 4019 0

278 4046 344 4112 tine
355 4048 593 4126 antecedentis,
608 4051 664 4133 qui
679 4057 750 4117 erat
762 4052 899 4118 ultimus
907 4051 1050 4136 periodi,
1066 4054 1109 4118 ad
1124 4052 1250 4119 initium
1265 4052 1365 4136 primi

281 4147 369 4227 unni,
397 4148 520 4214 nullam
549 4169 625 4217 esse
646 4155 775 4238 repenle
797 4150 914 4243 epipam
955 4153 1086 4222 Rursus
1107 4152 1256 4223 0000000
1278 4172 1364 4237 anun
