3034 4928
307 440 351 509 δι
569 454 648 504 rac.
673 446 866 501 ruaraourr
891 444 1142 498 orssuarsrro

308 610 397 678 unde
412 614 448 675 dt
462 612 473 647 ‘
486 608 645 673 honorem
667 602 827 670 senilem'
847 602 950 669 vocal
970 594 1196 687 Symmachus
1216 598 1277 665 lib.
1294 614 1320 664 ι.
1338 598 1405 685 Ep.

307 712 357 796 1.)
377 711 477 776 filios.
521 708 653 791 Nempe
668 704 841 771 Proculus
856 705 918 769 iste
940 703 1067 780 habuit,
1080 708 1120 766 ut
1132 720 1218 780 reor,
1231 702 1267 765 iu
1289 704 1408 768 matri·

307 813 421 883 monio
444 807 563 874 Aradii
584 804 698 872 Rufini
724 822 890 881 sororem,
903 810 939 868 et
958 821 1002 868 ex
1028 821 1072 868 eo
1092 802 1301 868 matrimonio
1327 802 1406 871 nati

308 923 387 980 sunt
400 910 445 991 Q.
461 908 565 974 Arud.
583 907 667 974 Rus.
684 906 760 972 Val.
783 905 945 972 Proculus
966 904 1101 970 Pressas
1122 903 1320 969 Provinciae
1333 903 1406 986 By·

307 1031 438 1080 sacenae
460 1008 558 1074 Anno
582 1022 756 1075 uoxxtrr.
778 1015 814 1073 ct
828 1007 867 1072 L.
881 1005 987 1073 Arad'.
1002 1003 1084 1071 Val.
1109 1004 1277 1070 Proculus
1299 1004 1403 1070 Praei.

305 1116 378 1180 urb.
393 1110 566 1178 ucxxrx.
609 1109 738 1175 Consul
752 1122 879 1173 uxori.
889 1114 925 1172 et
935 1105 1139 1173 multisaliis
1153 1103 1338 1170 honoribus
1352 1104 1405 1168 in-

305 1217 420 1298 siguts,
434 1231 519 1298 quos
538 1215 698 1276 memorat
712 1209 860 1275 Mamor
882 1208 972 1292 apud
986 1207 1164 1273 Gruterum
1183 1205 1262 1271 aot.
1275 1211 1313 1270 et
1324 1204 1403 1271 ddi.

305 1315 467 1381 Solebant
483 1319 593 1378 autem
608 1311 688 1377 istis
706 1311 925 1396 temporibus,
949 1310 1008 1393 qui
1023 1308 1233 1373 diversarum
1253 1307 1405 1389 gentium

304 1415 439 1480 uomina
458 1415 510 1478 ita
534 1412 728 1496 jungebant,
757 1412 824 1477 nisi
846 1431 887 1477 ea
906 1430 953 1476 ex
967 1409 1145 1494 adoptione
1168 1408 1404 1486 haberentex

304 1520 455 1579 materna
475 1513 614 1590 familia,
629 1513 773 1578 maxime
787 1514 818 1577 si
839 1512 981 1578 illustris
1000 1517 1104 1589 esset,
1117 1509 1337 1595 potissimum
1345 1529 1403 1575 su·

304 1632 406 1691 mere,
426 1621 462 1678 et
483 1615 631 1696 paternis
652 1613 774 1679 addere
797 1614 851 1679 vel
865 1612 1077 1698 praemittere.
1120 1610 1235 1696 Ipsius
1260 1628 1342 1676 vero
1357 1610 1404 1691 Q.

304 1710 426 1781 Aradii
447 1712 562 1779 Rufini
591 1712 699 1779 filium
718 1716 775 1782 rel
810 1719 970 1798 nepotem
998 1717 1083 1797 puto
1118 1710 1216 1775 illum
1236 1709 1405 1778 Aradium

303 1810 479 1892 Rufinum,
501 1814 561 1898 qui
575 1812 676 1880 Anno
707 1829 841 1881 ucxvr.
862 1815 905 1879 ab
933 1812 1084 1891 Iuliano,
1105 1809 1231 1877 Comes
1253 1811 1404 1879 Orientis

305 1914 489 1982 estfactus.

348 2030 478 2081 xxxv.
499 2015 554 2082 lta
567 2034 647 2082 vero
660 2016 773 2102 plures
792 2016 865 2099 jum
886 2014 1049 2082 hahemus
1070 2014 1171 2081 istius
1191 2015 1336 2080 nominis
1350 2014 1404 2080 vi·

302 2134 373 2194 ros,
386 2128 431 2181 ex
445 2116 569 2201 quibus
591 2117 734 2200 primum
749 2128 903 2183 censeam
926 2134 1001 2182 esse
1020 2116 1107 2181 hunc
1126 2116 1279 2201 Septimii
1291 2114 1404 2182 nostri

302 2217 462 2295 amicum,
475 2216 557 2301 quia
570 2215 689 2282 eodem
704 2222 854 2313 tempore
870 2215 957 2282 duos
971 2216 1102 2300 reperio
1116 2216 1262 2281 illustres
1276 2215 1406 2282 itidem

301 2317 495 2401 Septimios,
510 2317 648 2384 alterum
663 2318 822 2395 Bassum,
836 2318 933 2383 tertio
947 2317 1077 2382 decimo
1093 2335 1180 2382 auno
1196 2322 1274 2399 post
1287 2315 1405 2383 Arad.

301 2415 475 2493 Rufinum,
490 2417 633 2481 alterum
648 2416 856 2500 Acindynum
874 2434 930 2480 ιιι.
952 2434 1040 2482 anno
1055 2422 1132 2482 ante
1147 2406 1408 2495 Ar.'Rutlnum,

189 2535 192 2541 ·
300 2515 392 2578 urbis
407 2515 605 2581 Praefectos.
648 2514 850 2580 Posterioris
871 2515 973 2601 huJus
995 2516 1096 2594 filius,
1118 2523 1158 2581 ut
1179 2517 1312 2601 opinor,
1328 2519 1403 2582 col-

300 2613 377 2697 lega
405 2616 506 2681 etiam
529 2615 594 2681 suit
620 2616 654 2679 in
677 2613 862 2680 Consulatu
892 2616 933 2681 h.
960 2614 1020 2681 Ar.
1043 2614 1121 2681 Val.
1149 2614 1288 2682 Proculi
1309 2636 1402 2683 anno

301 2728 446 2785 uxore„
470 2715 525 2780 Ex
546 2716 627 2793 illis,
653 2714 776 2793 Basso,
797 2721 833 2782 at
860 2717 1037 2802 Acindyno
1073 2724 1180 2801 putre,
1205 2717 1401 2785 alterutrum

300 2814 496 2881 crediderim
516 2814 622 2881 fuisse
642 2819 788 2909 noenum
817 2817 1035 2909 Septimium.v
1085 2818 1177 2883 Nam
1206 2827 1318 2899 certe,¹
1338 2822 1401 2904 qui

298 2915 387 2982 hauc
400 2916 583 2982 versionem
605 2921 675 2982 tum
694 2915 901 2985 familiariter
914 2919 1006 2985 misit
1027 2920 1071 2986 ad
1086 2918 1133 2999 Q.
1149 2918 1209 2984 Ar·
1225 2920 1403 3000 Rufinum,

298 3019 406 3083 virum
420 3015 506 3082 adeo
519 3017 696 3095 illustrem,
711 3017 851 3102 ejusque
863 3019 1014 3086 fauorem
1030 3020 1129 3104 quasi
1146 3019 1225 3105 jure
1238 3036 1306 3087 suo'
1315 3041 1402 3088 aare⁴

298 3120 357 3201 git,
370 3126 413 3185 ut·
428 3119 600 3196 scriberet,
615 3123 626 3153 ‘
640 3118 706 3196 Tu,
721 3119 846 3187 Rufina
860 3124 919 3199 mi,
937 3128 974 3187 ut
989 3138 1065 3186 raa
1080 3127 1143 3194 est,
1157 3122 1236 3187 fave
1248 3124 1403 3206 coeptis:

298 3234 376 3289 oum
390 3225 522 3304 oportet
537 3218 654 3284 itidem
666 3218 774 3284 fuisse
788 3218 930 3286 fortunae
944 3228 982 3286 et
998 3221 1169 3304 dignitatis
1184 3220 1274 3287 haud
1289 3223 1401 3289 multo

297 3319 461 3386 inferioris
483 3318 665 3385 hominem.
706 3317 832 3385 Verum
851 3326 926 3385 uter
948 3319 1097 3398 illorum,
1110 3322 1214 3387 immo
1228 3321 1335 3387 etiam
1351 3342 1400 3389 an

297 3420 395 3501 plane
407 3422 574 3505 quispiam
590 3439 637 3486 ex
651 3419 733 3499 illis,
744 3420 870 3506 Dictyn
881 3421 969 3487 hunc
985 3422 1108 3487 hanna
1121 3423 1286 3488 ornaverit
1299 3422 1401 3490 locu«

296 3519 396 3596 tione,
411 3520 492 3601 quia
505 3522 667 3585 incertum
682 3528 750 3599 est,
764 3520 991 3606 relinquemus
1005 3525 1040 3587 in
1054 3522 1178 3589 medio.
1212 3558 1215 3562 Δ

341 3632 484 3682 xxxvi.
508 3618 587 3682 Hoc
602 3620 725 3684 certius
739 3622 939 3689 arbitramur
951 3643 997 3689 ex
1012 3630 1114 3690 aetate
1130 3623 1175 3704 Q.
1189 3623 1310 3703 Aradii
1321 3628 1400 3694 Bu*

296 3718 366 3796 iini,
381 3716 580 3800 Septimium
603 3715 704 3795 hunc,
719 3720 877 3804 quisquis
898 3723 975 3801 tuit,
994 3725 1126 3790 vixisse
1144 3732 1180 3791 et
1207 3728 1399 3811 sermonem
1488 3762 1489 3789 l

294 3820 383 3885 hanc
403 3818 591 3885 coniecisse
625 3826 773 3903 tempore
802 3821 1008 3891 Diocletiani
1036 3838 1097 3890 ant
1117 3824 1261 3906 circiter,
1291 3836 1398 3914 atque

295 3919 382 3986 adeo
405 3922 509 4004 paulo
533 3929 621 4000 ante,
637 3939 736 4004 quam
752 3921 1025 3992 christianismus
1049 3928 1085 3992 iu
1109 3926 1295 4011 Imperium
1319 3929 1398 3997 Ro-
1485 3988 1486 3995 ,

294 4041 429 4086 manum
453 4021 518 4086 fuit
547 4022 682 4087 tandem
710 4023 846 4106 publice
868 4038 1036 4111 receptus.
1081 4026 1185 4107 Quin,
1209 4048 1289 4095 cum
1312 4030 1397 4097 huic

295 4122 552 4195 christianismo
566 4122 726 4190 adeamne
737 4126 839 4192 etiam
852 4135 974 4212 postea
984 4130 1089 4196 fuisse
1102 4129 1284 4216 plerosque
1298 4132 1398 4198 illus·

294 4233 361 4293 tres
383 4226 483 4293 urbis·
497 4223 660 4291 Romanae
682 4224 869 4311 Senatores,
885 4232 941 4299 rel
961 4251 1006 4297 ex
1027 4231 1231 4315 Symmacho
1246 4243 1397 4315 constet,
