3034 4928
386 336 437 381 nn
461 332 639 382 nrsnonrn
664 331 773 379 nsum
796 330 997 397 rnorem..
1173 314 1218 377 te

124 479 256 555 Greci,
271 477 394 560 qnippe
403 493 493 558 qnos
503 476 588 538 inter
601 492 697 538 rarus
711 474 842 538 omnino
856 462 1111 539 erat'literarum
1125 492 1216 540 usus.

126 579 342 662 Acceperunt
362 594 420 638 eas
442 593 487 637 ex
510 573 696 651 Pboenipia,
723 593 809 656 ques
831 580 944 639 auctor
972 574 1118 639 Punicas
1138 575 1215 641 ideo

129 679 223 755 dicit,
240 683 272 740 et
287 688 408 758 praeter
422 692 508 756 quas
532 673 641 737 nullas
664 673 713 736 ilii
731 673 818 737 alias
837 673 1003 738 habebant
1015 682 1075 739 ant
1089 684 1217 741 norant.

132 776 299 865 Quocirca
319 775 402 857 quid
425 791 515 855 opns
537 780 609 837 erat
632 773 686 836 sui
710 774 874 857 temporis
899 774 1061 851 homines,
1076 794 1218 858 quornm

130 883 243 969 tamen
256 876 342 939 ratio
358 874 507 959 maxime
522 873 660 938 babetur
672 893 694 937 a
709 874 950 956 scriptoribus,
966 895 1111 953 monere,
1125 897 1161 942 se
1178 878 1220 942 iis

129 977 236 1042 literis
250 996 362 1052 nsum,
374 993 452 1056 qnae
462 974 544 1037 soiae
559 981 636 1037 tunc
651 974 717 1037 illis
726 983 818 1038 erant
831 976 945 1039 notaei
991 975 1114 1041 Nonne
1128 980 1220 1062 inep·
1305 982 1312 991 ’

132 1085 189 1141 tus
203 1085 293 1142 esset
305 1074 419 1150 bodie,
433 1074 493 1156 qui
508 1073 644 1137 doceret
658 1074 813 1150 lectores,
840 1093 878 1138 se
900 1074 1017 1138 librum
1032 1095 1130 1141 suurn
1152 1078 1222 1142 edi·

131 1179 235 1255 obsec,
249 1184 321 1240 arte
334 1173 580 1259 typographica
589 1192 764 1250 excusum,
778 1193 853 1256 quae
868 1175 1004 1241 inventa
1013 1177 1059 1240 sit
1073 1183 1149 1242 ante
1159 1179 1223 1243 bos

131 1279 299 1342 ducentos
313 1284 348 1339 et
362 1273 601 1357 quinquaginta
614 1272 716 1335 ferme
725 1276 858 1338 annosi
902 1276 968 1339 Sed
983 1278 1079 1354 setis,
1094 1281 1223 1361 opinor,

132 1385 234 1463 patet
242 1376 391 1463 cuilibet,
400 1373 560 1437 inculcari
568 1369 852 1456 baecnonTrojani
859 1376 1017 1458 temporis
1026 1378 1224 1458 bominibus,

134 1477 197 1563 sed
208 1477 291 1553 illis,
302 1477 359 1559 qui
372 1475 484 1538 multis
495 1473 629 1536 saeculis
644 1483 725 1554 post
737 1474 892 1538 vixerunt
903 1483 1049 1558 tempore
1066 1476 1223 1558 Neronis,

133 1578 486 1642 utscilicetrationem
496 1573 661 1656 quandam
670 1575 836 1652 baberent,
848 1576 1225 1661 quarehaecbistorinin

135 1678 247 1742 lucem
271 1685 354 1743 tunc
370 1675 542 1759 prodiens,
556 1693 704 1738 sermone
719 1673 816 1738 fucrit
832 1673 955 1741 Graeco
971 1682 1169 1765 composita,
1191 1672 1226 1745 et

136 1786 251 1843 temen
273 1777 411 1841 Punicis
432 1775 551 1851 literis,
573 1794 650 1857 qaae
674 1780 752 1837 tnnc
777 1774 917 1839 multum
940 1777 1084 1843 diversae
1098 1785 1192 1845 erant
1206 1799 1228 1844 a

136 1877 286 1954 Graecis,
303 1877 440 1959 scripta.
485 1875 539 1939 De
565 1873 761 1938 ‘Sermone'
789 1894 866 1939 vero
881 1878 982 1957 'quod
1003 1878 1061 1956 ait,
1083 1886 1229 1944 sumtum

137 1980 175 2043 id
191 1994 246 2042 est
260 2000 304 2043 ex
319 1978 474 2066 Homero
490 1976 613 2060 Odyss.
630 1985 664 2057 Τ,
680 1977 754 2041 175.
772 1978 829 2040 nbi
844 1977 886 2041 de
899 1977 1012 2051 Cretae
1027 1980 1145 2045 incolis
1168 1978 1229 2058 ait,

132 2070 236 2154 ‘Ares
260 2080 282 2139 δ’
295 2080 393 2167 ἄλλων
402 2083 529 2161 γλῶσσα
542 2075 712 2161 μιμιγμξη,
725 2078 813 2143 ‘alia
824 2078 965 2143 aliorum
980 2088 1034 2144 est
1055 2081 1167 2163 lingua
1180 2082 1232 2144 in·

139 2190 194 2245 ter
214 2199 254 2243 se
280 2178 468 2262 permixta!
509 2176 634 2259 Verum
655 2178 729 2242 haec
755 2177 796 2242 de
818 2178 982 2243 Dialectis
996 2181 1128 2260 exiguae
1142 2198 1233 2262 pror-

143 2276 206 2344 sus
218 2280 454 2360 discrepantia
468 2281 504 2342 in
516 2280 777 2362 pronunciando,
789 2279 900 2361 qualis
914 2278 1017 2341 etiarn
1031 2279 1129 2344 bodie
1148 2281 1234 2345 inter

144 2380 329 2465 proximas
344 2379 437 2442 unius
457 2378 571 2444 Gentis
587 2380 685 2444 urbes
701 2379 895 2462 pierumque
910 2379 1079 2461 reperitur,
1093 2387 1170 2444 sunt
1184 2381 1234 2447 in·

143 2479 339 2564 telligenda‚
362 2484 400 2542 nt
422 2482 498 2563 ipse
517 2489 635 2546 censet
665 2480 873 2544 Eustatbins.
917 2480 1124 2564 Neutiqnam
1155 2501 1234 2566 ergo

143 2582 313 2646 debebant
329 2577 441 2645 Graeci
462 2588 636 2664 propteroa
651 2580 719 2645 dici
742 2579 902 2645 ‘diverso
923 2581 1006 2645 inter
1027 2600 1063 2643 se
1085 2600 1236 2663 sermone

143 2683 265 2765 agere‚'
282 2689 342 2745 aut
356 2680 523 2745 baesitatio
538 2682 663 2745 oboriri
678 2680 806 2751 bomini
824 2681 921 2744 istius
940 2681 1097 2763 temporis
1109 2682 1237 2764 aliquid

143 2783 284 2867 publice
308 2782 485 2865 scripturo,
506 2783 637 2865 qualem
657 2781 790 2866 praefert
810 2790 921 2846 noster
945 2782 1005 2846 lib.
1022 2783 1121 2846 v.17.
1137 2801 1237 2846 nsum

145 2905 183 2948 se
199 2883 380 2948 ‘Oratione
396 2881 456 2946 ea’
470 2887 622 2959 testatus,
639 2887 758 2965 ‘quam
774 2882 918 2948 maxime
930 2881 1015 2946 inter
1026 2890 1096 2946 tam
1107 2866 1239 2959 diversa

146 2984 308 3069 loquendi
322 3002 444 3066 genera
455 2984 614 3066 consequi
629 3002 670 3047 ac
691 2982 964 3066 comprehendere
977 2979 1147 3067 potnerit‚’
1161 3000 1239 3071 omn

146 3089 264 3169 ntique
280 3103 325 3148 ex
344 3084 434 3147 omni
449 3082 584 3169 Graecia
597 3084 752 3163 homines
766 3091 844 3149 tnnc
866 3084 987 3148 fuerint
1000 3084 1059 3148 din
1081 3084 1116 3145 in
1138 3098 1240 3144 unam

149 3183 406 3268 expeditionem
421 3182 604 3265 conjuncti,
618 3190 654 3247 et
667 3184 758 3262 alter,
766 3186 905 3249 alterum
918 3183 1079 3247 facillime
1092 3179 1243 3263 intellex-

150 3288 249 3360 erint,
263 3289 302 3346 ut
318 3282 469 3346 hominos
492 3284 587 3347 nnius
613 3284 735 3365 linguae
758 3285 877 3348 solent.
921 3283 1039 3361 Longe
1058 3276 1165 3361 major
1178 3276 1243 3341 suit

155 3382 382 3464 discrepantia
402 3383 600 3448 elocutionis
626 3384 770 3461 Greecae,
784 3384 819 3446 in
843 3382 955 3445 varias
980 3389 1057 3446 tnnc
1081 3378 1243 3444 dialectos

155 3474 341 3558 distinctae,
362 3483 491 3563 qnando
513 3483 627 3549 Graeci
647 3485 719 3568 jam
742 3488 834 3548 erant
852 3482 962 3566 sparsi
983 3501 1047 3547 non
1067 3486 1245 3565 portatam

154 3585 261 3651 modo
278 3581 456 3658 Graeciam,
470 3585 507 3647 in
519 3585 705 3648 latissimos
720 3582 848 3647 tandem
863 3582 945 3648 fines
955 3582 1122 3659 diffusam,
1132 3581 1191 3644 sed
1211 3586 1246 3645 ct

153 3690 188 3751 in
210 3685 331 3750 Asiam
347 3682 519 3761 minorem,
532 3686 566 3748 in
580 3683 725 3762 ltaliam,
738 3690 773 3748 et
784 3682 943 3748 Siciliam.
988 3684 1109 3765 Neque
1130 3689 1244 3746 tamen

155 3791 204 3854 ita
220 3793 298 3849 tunc
324 3784 497 3848 haesitavit
522 3784 731 3861 Herodotus,
760 3784 930 3848 historiam
964 3804 1058 3848 suurn
1086 3782 1247 3858 editurus,

158 3887 282 3953 Ionica
295 3884 377 3947 iicet
391 3884 539 3973 dialecto
553 3891 697 3950 uteretur
711 3884 792 3949 inter
807 3884 1025 3949 Athenienses
1039 3891 1073 3946 et
1093 3880 1247 3946 Tbnrios.

154 3987 228 4055 Sed
253 3983 346 4048 baud
367 3984 468 4050 dubie
485 3985 653 4051 affectavit
673 3986 793 4068 Dictys
812 3989 924 4049 noster
937 3984 1102 4050 obsoletas
1116 3989 1152 4048 et
1165 3983 1248 4046 anti·

152 4094 277 4173 quatas
287 4087 372 4170 jam,
392 4087 476 4154 sorte
501 4095 536 4152 ct
558 4085 961 4169 peregrinaslocutiones,
975 4093 1012 4152 ut
1034 4087 1081 4150 ita
1102 4083 1249 4166 speciem
