3034 4928
402 402 452 450 ns
474 399 654 449 rrrsroms
678 400 789 448 aucus
813 401 992 451 rnorem.
1192 389 1234 454 2⁷

128 561 228 620 sura,
242 538 382 624 quaudo
391 558 474 602 suaa
489 528 710 602 characteres
727 557 746 601 e
763 537 886 620 Dictys
901 558 938 603 se
952 540 1113 604 smisso
1128 539 1235 605 (ficit)

133 641 364 709 Atrero'uou
377 639 435 704 ille
451 637 667 716 natumsed
681 643 715 702 et
737 636 882 703 maces
903 658 950 704 ex
975 640 1099 724 Dictys
1120 659 1158 704 aa
1178 660 1237 705 eus

132 739 434 827 repetiissetradit
445 739 523 803 184.

179 859 222 909 x.
246 841 371 925 Neque
383 840 505 903 mirum
521 836 622 913 adeo,
642 837 679 901 iu
696 835 824 902 Nostro
838 855 905 901 non
920 838 1055 921 reperiri
1069 857 1140 915 eos,
1156 857 1231 905 cum

133 942 327 1028 Septimius
341 939 470 1004 diserto
484 943 623 1003 testetur
636 955 673 1000 se
696 935 820 1019 Dictyn
835 934 990 1001 Graecum
1013 937 1235 1016 coubaxiase,

132 1044 259 1127 atejus
274 1040 464 1125 posteriora
477 1045 579 1113 uene,
588 1043 731 1120 quatuor
750 1037 804 1100 rel
818 1038 979 1119 quinque,
994 1037 1167 1102 volumina
1180 1039 1236 1101 ‘in

132 1163 242 1208 uuum
268 1138 466 1222 retegam?
508 1137 661 1202 Priorum
681 1136 815 1217 quidem
836 1138 885 1203 ait
918 1142 974 1202 ‘ae
1003 1136 1143 1202 eandm
1167 1156 1234 1201 ser·

132 1238 439 1318 memmerch
454 1237 517 1303 ssd
531 1258 605 1303 cum
619 1236 754 1302 delectu
768 1237 1026 1315 hauddubieet
1035 1237 1138 1302 solita
1150 1237 1236 1302 Ver-

134 1345 277 1409 siouum
290 1340 392 1404 istius
414 1340 577 1422 temporis
592 1338 757 1413 imarum,
771 1347 809 1404 ut
830 1338 884 1403 roi
897 1357 942 1403 ex
957 1337 1086 1403 Rufino
1096 1337 1236 1422 Joaepbi

134 1445 320 1525 interprete
332 1446 593 1523 cumutamus
609 1438 695 1503 adeo
708 1440 768 1517 itu,
783 1449 821 1505 ut
842 1441 877 1503 in
897 1440 941 1504 iis
963 1438 1131 1522 prioribus
1151 1458 1235 1522 quo·

133 1563 203 1628 que
217 1542 492 1625 praetenuitteret
510 1541 678 1624 quedam,
691 1541 744 1604 rel
757 1542 881 1624 quibus
897 1559 1013 1623 parum
1030 1540 1106 1623 ipae
1122 1538 1235 1604 debc-

133 1644 288 1719 tubutor,
303 1641 361 1705 rel
380 1660 458 1725 quae
479 1641 525 1705 ad
546 1648 773 1723 argumentum
794 1642 977 1707 ornandum
1002 1647 1059 1705 aut
1071 1640 1236 1705 instruen-

134 1745 217 1811 dum
236 1743 348 1806 minus
370 1743 531 1806 censebat
553 1741 753 1808 necessaria.
797 1742 887 1807 Nam
912 1740 1003 1825 quod
1027 1739 1180 1817 affirmat,
1194 1760 1233 1805 ae

134 1848 208 1922 ‘ea,
224 1843 279 1908 uti
290 1841 527 1919 exanthum
537 1842 760 1921 disseruisse,’
775 1843 809 1906 id
827 1842 1032 1911 verooamin
1046 1841 1236 1906 univolam

135 1945 179 2009 de
201 1951 281 2009 toto
297 1943 431 2008 dicatur
446 1944 624 2026 opusculo,
639 1943 737 2026 cujus
758 1949 866 2008 omen
884 1941 1052 2026 posterior
1065 1958 1145 2023 pars
1163 1959 1236 2005 cer·

137 2046 339 2109 tissiraam
359 2044 512 2127 pluribus
540 2043 769 2108 voluminibus
789 2045 825 2107 iu
851 2061 955 2107 unum
976 2051 1030 2106 est
1051 2046 1235 2118 contracta,

135 2144 389 2228 intelligendum
403 2163 481 2225 ergo
501 2143 562 2221 ita,
583 2150 623 2206 ut
643 2161 709 2206 nou
731 2149 862 2206 tantum
884 2140 966 2205 nibil
987 2158 1096 2204 rorum
1111 2137 1154 2202 de
1168 2157 1232 2203 suo

136 2246 330 2328 scripserit,
343 2253 405 2308 aut
418 2243 554 2309 aliunde
576 2242 750 2326 adjecerit,
771 2241 830 2305 sed
854 2259 964 2324 nequa
982 2241 1162 2322 quicquam
1175 2238 1238 2301 im·

138 2345 535 2427 monumentisque
551 2342 695 2409 Graecus
710 2343 770 2406 ille
793 2341 915 2424 Dictys
934 2338 1104 2403 memoriae
1125 2336 1237 2418 prodi·

138 2445 252 2509 derat.
298 2442 394 2508 Certo
406 2445 490 2508 euim
503 2444 658 2508 omisisse
678 2462 755 2507 eum
770 2441 937 2517 nonnulla,
953 2446 1011 2504 aut
1026 2437 1164 2502 brevius
1177 2456 1235 2525 οι-

134 2545 313 2630 posuisse,
335 2545 434 2609 etiam
455 2544 492 2608 iu
506 2544 687 2626 prioribus,
701 2542 909 2608 manifestum
924 2559 970 2605 ex
988 2557 1040 2615 eo,
1054 2537 1147 2622 quod
1161 2537 1232 2620 pla·

134 2665 243 2730 raquo
263 2643 381 2708 eadem
394 2645 507 2727 plane,
523 2644 584 2708 ssd
605 2644 766 2709 nonnulla
787 2643 970 2720 concisius,
989 2638 1163 2721 complura
1183 2645 1235 2703 ta·

134 2766 213 2811 meu
234 2746 336 2827 louge
357 2745 504 2823 uberius,
517 2745 691 2821 edisserat,
704 2764 806 2827 quam
829 2743 985 2818 Mulelas,
1012 2740 1071 2824 qui
1087 2737 1235 2803 vicissim

135 2849 316 2929 plerasque
331 2846 500 2910 orationes
513 2845 656 2929 Dictyos
667 2843 891 2927 praetermisit,
904 2847 941 2908 ut
954 2842 1088 2906 abenas
1101 2858 1123 2903 a
1131 2836 1236 2903 Chro-

137 2945 342 3030 uograpbia.

183 3062 241 3111 xr.
263 3046 366 3111 Prius
386 3045 483 3123 illud,
496 3050 535 3110 ut
554 3051 684 3129 pateat,
697 3043 826 3129 liquido
851 3043 1055 3110 declaratum
1076 3038 1165 3104 dabo
1184 3056 1235 3104 ex

138 3168 208 3213 uno
223 3147 371 3230 Dictyos
384 3147 475 3223 loco,
487 3153 523 3210 et
536 3147 585 3212 ita
597 3147 698 3211 simui
714 3146 899 3211 Historiam
913 3145 988 3228 aJ'us
1006 3142 1086 3217 ioci,
1100 3140 1235 3204 concise

139 3254 175 3313 et
189 3248 269 3313 ideo
283 3248 439 3331 ambigue
462 3248 560 3312 nimis
573 3247 738 3325 traditm,
754 3247 938 3311 illustrabo.
980 3242 1100 3306 Refert
1116 3238 1235 3320 Dictys

138 3350 240 3413 libr.
262 3348 387 3429 capit.
431 3348 543 3424 Pario,
565 3368 640 3414 cum
664 3348 799 3412 Helena
814 3346 1006 3427 fugientem,
1028 3334 1235 3403 ‘abstulisse

143 3450 248 3513 etiam
272 3447 419 3511 AEthram
448 3455 484 3512 et
511 3448 715 3532 Clymouam,
736 3444 884 3511 Menelai
907 3436 1049 3516 affines,'
1067 3435 1151 3523 (boc
1171 3445 1236 3515 est,

143 3551 320 3630 cognatas,
334 3546 558 3633 emelinam
576 3551 624 3613 ait
644 3547 812 3622 Maleus)
837 3548 937 3626 ‘quae
957 3540 1002 3604 ob
1015 3536 1235 3605 uecessitudi-

140 3667 221 3715 uam
243 3666 321 3712 cum
336 3647 468 3714 Helena
490 3646 650 3731 agebaut’
693 3646 783 3713 Dein
809 3664 887 3728 cap.
901 3644 935 3708 4.
956 3639 1065 3718 ‘Quis
1089 3640 1233 3721 cognitis

141 3748 337 3827 Menelaus,
363 3750 428 3813 etsi
454 3751 635 3815 abstractio
667 3747 819 3832 conjugis
846 3746 992 3813 animum
1016 3744 1234 3825 permoverat,
1361 3828 1365 3841 .

140 3850 247 3913 multo
257 3849 404 3931 amplius
418 3855 529 3915 nmen
546 3852 592 3915 ob
605 3849 758 3933 injuriam
774 3847 932 3921 affinium,
946 3861 1033 3926 quaa
1047 3859 1148 3923 supra
1162 3859 1234 3905 me·

141 3949 360 4026 monrimus,
390 3950 682 4016 mnsnmnhntnr!
723 3949 810 4015 Cum
838 3948 872 4011 in
895 3942 1124 4026 superioribus
1152 3940 1235 4006 nihil

138 4051 184 4116 de
196 4049 288 4116 bisce
304 4051 500 4117 ‘affinibus’
517 4057 684 4128 occurrat,
697 4050 760 4115 uisi
770 4046 859 4133 quod
871 4065 946 4110 oum
959 4043 1094 4107 Helena
1109 4042 1234 4107 ablate

137 4172 279 4240 quoque
293 4153 372 4232 siut,
386 4172 531 4238 cumque
544 4153 635 4220 nullo
655 4152 723 4218 illae
747 4148 870 4216 amoris
885 4145 996 4213 studio
1017 4150 1078 4208 aut
1099 4143 1235 4225 impetu,
