3070 4922
420 455 468 501 nn
491 456 609 503 nauco
632 459 803 511 rnorsuo
831 467 901 516 ern.
927 472 976 517 iv.
1171 462 1236 528 467

190 598 309 663 Cetera
324 597 458 661 fraterni
474 596 597 662 Martis
611 619 783 668 numerosa
799 613 948 689 potestas

147 701 262 765 Ductu
277 719 444 785 quemque
459 719 520 763 suo
536 700 692 767 discretis
706 704 862 773 fulminat
875 712 969 776 ausis
984 734 991 772 ε

146 802 195 866 Ut
208 810 292 887 quot
305 801 505 877 Priamidas,
521 808 572 868 tot
580 804 691 885 jurent
704 807 876 874 Hectoras
888 833 983 878 esse:

148 902 242 981 Quot
255 902 378 980 Troes,
395 910 445 967 tot
460 902 570 967 Marte
586 924 684 986 pares
698 908 774 988 tibi,
790 909 914 990 Troilo,
928 915 1052 981 dicant.

149 1004 251 1068 Nunc
265 1006 482 1087 utinamque
496 1005 638 1089 quisque
654 1009 777 1091 animo,
793 1032 860 1095 quo
874 1014 1003 1080 fulserit
1015 1037 1083 1097 ore,
1192 1021 1237 1086 aa

149 1103 239 1182 Quis
253 1106 408 1169 membris
424 1106 606 1190 inscriptus
621 1106 742 1184 honos,
755 1113 833 1194 quis
848 1122 985 1197 pectora
995 1126 1107 1184 motus

147 1204 299 1271 Extuleri
304 1213 327 1284 t,
340 1207 532 1270 meminisse
545 1227 678 1291 queam,
693 1210 867 1297 vultusque
882 1226 1048 1299 peremtus

147 1307 300 1372 Suscitet
312 1308 437 1391 eloquii
454 1309 569 1382 virtus,
585 1309 760 1394 oculisque
774 1317 896 1397 sepulti

150 1408 347 1473 Pectoribus
363 1410 490 1487 vivant,
505 1410 630 1493 scripto
645 1431 812 1494 praecone,
829 1421 969 1500 tyranni.

192 1510 250 1574 Sic
261 1510 341 1574 oiim
358 1513 488 1593 positos
502 1512 639 1595 populis
653 1516 851 1581 mirantibus
866 1519 960 1583 offert

149 1612 299 1694 Elinguis
315 1613 443 1694 pictura
457 1613 568 1677 viros:
592 1615 642 1678 sic
657 1616 749 1681 culta
765 1618 918 1699 prosatnr

149 1713 274 1778 Charta
289 1713 403 1789 duces,
415 1714 523 1778 oculis
536 1714 611 1780 haec
626 1714 790 1794 blandior,
804 1719 939 1784 auribus
952 1721 1023 1786 illa.

191 1815 294 1879 Celsa
309 1815 386 1878 duci
399 1815 532 1880 Priamo
546 1816 616 1895 latc
632 1818 843 1898 surgentibus
858 1820 959 1884 armis

149 1915 287 1980 Effulcit
297 1935 427 1979 roseum
442 1919 558 1982 cervix
574 1926 690 2000 caput,
705 1919 811 1984 ardua
825 1920 974 1985 scribunt

149 2016 305 2081 Membra
316 2018 433 2095 virum,
446 2018 640 2102 blandoque
655 2040 760 2102 genas
775 2029 898 2085 terrore
908 2022 1055 2088 minaces
1193 2028 1237 2092 tn

148 2117 276 2199 Regius
288 2126 381 2183 ornat
395 2118 518 2184 honos:
541 2120 687 2202 placidae
702 2141 772 2186 uox
786 2124 903 2188 nuntia
915 2124 1035 2188 mentis
1116 2166 1118 2169 -

148 2218 208 2282 Nil
220 2217 393 2297 tumidum,
406 2220 452 2284 nil
464 2220 560 2284 triste
576 2227 682 2298 sonat,
696 2224 900 2306 propiorque
915 2224 1065 2305 precanti

148 2318 312 2384 Mollibus
327 2321 475 2404 imperiis
489 2321 689 2386 famulantes
704 2324 836 2388 instruit
848 2342 956 2388 sums.

643 2454 749 2505 NOTAE

180 2553 213 2597 8⁹
233 2548 327 2613 Viesnt,
341 2550 673 2616 scriptuproeross,tsrussi]
709 2550 902 2615 Ἧδηπροννπής
917 2552 969 2600 teri
987 2550 1026 2601 sul
1037 2552 1192 2615 mopinot,
1205 2553 1237 2604 de

147 2625 188 2673 Eo
200 2625 311 2686 pertinet
323 2624 429 2673 Pindari
441 2628 567 2675 sententie
580 2627 673 2677 Neme-
713 2628 847 2685 morituro,
859 2635 886 2676 et
899 2628 923 2675 in
934 2628 1022 2677 limine
1032 2627 1191 2677 collucendo.

148 2713 187 2749 ur.
199 2703 224 2748 7.
241 2700 284 2763 qui
299 2700 418 2748 tsnebrss
437 2700 573 2751 illustrium
590 2698 672 2752 tactu·
745 2701 787 2751 su
794 2702 850 2749 oiiss
858 2700 1019 2765 pentonia]
1036 2702 1190 2752 Plutarchus
1199 2704 1239 2752 Si·

147 2789 203 2824 rum
222 2772 325 2837 hymnis
338 2775 471 2836 pellendss
489 2776 535 2831 sit,
557 2779 601 2840 qui
620 2777 672 2826 siut
712 2776 807 2825 menidi
820 2776 910 2826 tribuit
922 2777 983 2826 illud
996 2776 1105 2838 duraret
1118 2777 1238 2840 emmor

146 2848 280 2910 speculum
302 2848 420 2897 virtutlsr
438 2857 465 2898 et
482 2849 585 2912 Sappho
604 2850 671 2913 apud
713 2850 826 2900 Podseos
838 2859 866 2900 et
876 2850 1002 2909 Pictum,
1012 2854 1078 2901 libro
1088 2853 1121 2902 de
1132 2853 1239 2903 Atheni·

145 2923 316 2973 Plutarchum
333 2924 448 2986 egregie,
464 2925 611 2974 κατθανοῦσα
626 2924 673 2974 ssi·
713 2925 826 2988 ensibus,
836 2927 1007 2987 mirembello,
1020 2928 1061 2977 vel
1074 2941 1138 2988 psce
1150 2929 1237 2976 melle·

146 2998 673 3060 emmerammum.
713 2999 1013 3060 reszdlrprrstdssrlrr
1036 3000 1081 3062 ptr
1101 2998 1239 3063 ξηροφίυ

145 3076 173 3124 si
188 3076 239 3139 γὰρ
254 3074 365 3136 perixur
380 3073 452 3136 iiim
465 3077 513 3123 rur
528 3076 556 3124 ist
571 3073 673 3137 nuptm.
713 3074 807 3133 soleris
815 3077 941 3125 cmm
956 3073 1134 3140 emerendo,
1152 3073 1198 3132 τὴν
1212 3073 1239 3123 tt

146 3150 253 3200 Horatii
262 3150 324 3199 illud
333 3158 421 3200 nomm
431 3150 673 3214 estdeuisqsius·
712 3150 954 3215 mtmnpqmtv
969 3151 1099 3200 λαλοῦσαν.
1129 3148 1239 3211 Repetit

147 3239 194 3275 ern
203 3232 266 3273 rste
276 3224 431 3287 carnerunt,'
447 3230 607 3276 cerm-rm.
639 3227 674 3275 Et
713 3227 776 3277 iliud
786 3228 850 3277 libro
862 3228 894 3273 de
906 3224 1040 3273 audiendis
1053 3220 1159 3281 Poetis3
1177 3221 1239 3272 itsus

147 3298 306 3351 Mehntonii
316 3299 434 3349 Flaminii
445 3314 478 3348 es
487 3300 521 3349 ds
532 3314 560 3349 re
571 3312 673 3349 carmes
713 3302 739 3351 in
751 3302 836 3351 libello
852 3300 885 3348 de
903 3299 1044 3348 nentium
1054 3298 1240 3357 cognoscendo.

145 3373 250 3435 insigne
261 3384 299 3422 ssr
311 3375 329 3424 1.
338 3389 380 3425 su.
403 3366 517 3425 dissime
529 3376 636 3425 sseettit
647 3375 672 3422 in
714 3377 888 3426 Philostratus
896 3373 969 3421 initio
979 3369 1147 3420 elrbsridem
1157 3372 1238 3435 ponit,

145 3448 288 3514 istem
299 3447 372 3499 Anus
383 3450 468 3500 alexii
479 3450 603 3500 eumaem
612 3448 674 3507 tilis,
713 3456 741 3498 et
751 3447 866 3510 agnoseit
876 3446 955 3497 Arist.
963 3460 986 3496 c.
994 3451 1020 3497 u.
1030 3444 1164 3496 Puiitiess:
1176 3447 1239 3495 item

145 3523 225 3573 luitis
236 3525 439 3586 Alesisdlssues,
449 3539 524 3589 quens
533 3523 601 3573 bonu
610 3522 672 3586 pub·
712 3520 852 3573 Auctorsd
866 3521 1033 3570 Herennium.
1044 3518 1202 3569 Prudentius
1210 3521 1240 3569 li·

144 3600 198 3649 lloo
221 3598 255 3649 de
277 3601 414 3649 literature
435 3600 528 3650 Grues
550 3597 674 3662 preclare
714 3595 1239 3661 bropost.contrsSymrnschum,t⁰.&c.

145 3676 253 3724 ueritus
261 3675 312 3724 luci
326 3676 442 3724 restituit
452 3673 625 3725 Huschetius.
714 3672 839 3722 Ailudsre
849 3670 952 3721 ridetur
963 3671 1045 3721 Clem.
1055 3670 1132 3720 hies.
1143 3670 1238 3718 strom.

179 3747 341 3796 eustratius
355 3748 456 3812 mutos]
478 3749 559 3798 Periti
576 3747 618 3795 rei
632 3746 676 3796 siti
716 3750 821 3798 sutili.
836 3746 859 3797 ol
874 3745 1002 3809 pindareus
1021 3742 1157 3808 ζωγραφία
1176 3744 1241 3803 disus

148 3822 471 3882 sanrmmamtntm
503 3823 675 3886 Visp‘pesl·
715 3821 1068 3886 ὁσομιμοῦντωὴνὰλὴθεω.

148 3896 288 3946 medati
304 3899 431 3949 discedite
450 3898 562 3963 eorpus?
579 3897 674 3961 Pspin.
745 3904 778 3950 tt
797 3901 866 3950 Celsa
885 3899 940 3949 sset
966 3894 1076 3958 Ρήιιηο]
1104 3895 1239 3944 Pictorum

147 3968 233 4019 suen.
247 3982 287 4018 ss.
310 3973 475 4036 ‘positusqne
493 3972 570 4022 besti
586 3973 694 4021 Morte·
714 3974 912 4024 nensubiestsnr
929 3972 969 4022 rel
987 3969 1120 4019 tritiores
1133 3969 1239 4018 heroum

146 4044 246 4109 pstor!
272 4047 380 4109 Baeti,
396 4047 545 4111 ‘depositi'
581 4048 674 4111 vtrgtt.
714 4050 815 4099 illerum
841 4048 920 4097 hshes
946 4048 1014 4110 spud
1040 4044 1191 4094 Psussnlsm
1214 4044 1239 4092 in

144 4120 193 4169 ttb.
211 4133 263 4169 xu.
295 4124 361 4172 ‘ltle
373 4130 403 4172 ut
417 4123 530 4187 depositi
547 4121 676 4185 proferret
716 4121 1239 4185 Plecuup.ssa.1’utteursremmlte·

144 4195 202 4245 ists
228 4199 362 4260 parentis!
411 4200 516 4258 cicero,
540 4198 676 4260 ‘depastis
716 4198 832 4249 saisiret
843 4196 973 4247 leonibus.

143 4274 312 4336 reipublice:
347 4273 390 4323 lts
402 4274 520 4339 Euripidi
537 4273 563 4323 in
576 4272 675 4325 Alcest.
