3034 4928
275 407 298 470 4
723 415 913 464 sersaoni.

274 561 359 625 inira
373 568 406 627 te
427 560 572 642 positum
588 554 724 639 premis,
734 556 862 639 qnippe
878 553 966 618 omni
980 551 1227 636 disciplinarum
1243 574 1359 636 genere

276 662 464 735 instructus,
474 660 517 725 ud
532 660 634 723 altam
648 656 887 739 sapientissimi
900 653 1037 718 Lodoioi
1046 654 1133 734 regis
1148 653 1360 735 prudentiam

274 761 346 844 jam
362 761 503 845 aspiras.
547 757 684 822 Fuerint
705 757 755 820 illi
771 757 912 839 quidem
934 756 1089 818 hactenns
1104 763 1185 837 post
1211 774 1249 819 se
1270 756 1360 819 natis

278 861 465 926 bominibus
479 857 674 923 imitandum
688 856 881 939 exemplar:
903 874 1014 918 eornm
1026 856 1099 938 jam
1110 856 1213 918 vicem
1223 862 1361 938 praesta·

280 961 332 1025 bit
352 959 592 1024 invictissimus
615 957 673 1022 ille
692 974 815 1040 pareus
829 964 919 1033 tuus,
941 974 1051 1038 quem,
1066 962 1104 1019 nt
1124 974 1221 1033 nuuc,
1235 961 1268 1020 et
1282 955 1361 1020 olim

282 1061 449 1126 bominum
475 1078 577 1143 genus
599 1056 695 1141 quasi
720 1056 844 1121 Divum
865 1055 1082 1132 venerabitur,
1103 1056 1232 1137 sibique
1254 1054 1363 1118 solnm

282 1160 474 1227 imitandum
489 1165 661 1244 proponet.
715 1155 891 1240 Adeoque,
906 1154 999 1238 qnod
1008 1155 1049 1219 de
1067 1155 1209 1236 imagine
1222 1154 1363 1238 quadam

281 1259 423 1333 Veneris
436 1260 514 1324 olim
528 1260 655 1324 dietum
670 1265 734 1333 est,
748 1277 791 1321 ex
806 1275 848 1320 ea
861 1255 964 1350 inisse
976 1255 1018 1319 de
1029 1256 1210 1339 puellarum
1223 1254 1365 1339 pulchri·

280 1362 392 1428 tudine
401 1361 599 1444 judicatum,
613 1367 651 1423 ut
665 1378 742 1442 quae
757 1357 894 1440 imagini
908 1357 1058 1456 similior·
1069 1362 1169 1432 esset,
1182 1374 1224 1420 ea
1243 1353 1365 1420 sormo-

284 1462 419 1525 sissima
439 1461 615 1537 diceretur,
629 1460 672 1524 de
695 1461 783 1524 almo
805 1464 862 1522 tuo
878 1465 1014 1541 parente
1028 1456 1110 1522 illud
1124 1456 1239 1539 utique
1252 1473 1365 1519 verum

284 1562 358 1638 erit,
372 1559 416 1625 ad
430 1560 528 1643 cujus
550 1561 699 1643 ingentia
720 1560 811 1626 iacta
837 1579 903 1642 quo
924 1560 1060 1642 propius
1074 1558 1165 1625 beati
1178 1556 1296 1621 herois
1310 1575 1367 1620 ae-
1385 1572 1394 1589 ⁴

283 1660 458 1734 cesserint,
475 1678 515 1723 eo
540 1661 684 1743 amplius
707 1680 744 1724 se
769 1662 804 1723 in
821 1658 966 1724 heroicis
990 1659 1167 1724 virtutibus
1184 1656 1367 1740 profecisse

284 1760 537 1824 arbitrabuntur.
580 1759 701 1842 Perge,
725 1760 835 1843 igitur,
870 1759 1071 1823 Disaenius
1097 1759 1368 1831 snnnnrssrun,

285 1877 396 1942 perge,
417 1864 455 1922 nt
476 1857 573 1934 sacis,
596 1858 746 1940 vestigiis
765 1859 838 1943 ejus
852 1861 1017 1938 insistere,
1040 1859 1145 1923 doneo
1166 1856 1282 1922 divina
1310 1855 1366 1919 illa

286 1959 460 2042 sapientia,
471 1976 548 2041 qum
563 1958 659 2021 iilum
674 1959 822 2034 irradiat,
835 1958 975 2031 afflatus,
990 1959 1127 2023 itanum
1141 1977 1182 2022 eo
1197 1956 1371 2038 refulgeas.

289 2059 410 2143 Neque
425 2059 512 2123 enim
527 2058 619 2123 alind
635 2059 696 2122 tibi
711 2079 732 2123 a
747 2060 821 2124 Deo
833 2058 970 2142 Optimo
981 2059 1133 2124 Maximo
1145 2066 1198 2123 est
1211 2064 1373 2140 expeten-

288 2161 380 2237 dum,
396 2161 452 2243 qui
467 2154 532 2222 tibi
554 2161 682 2242 reliqna
709 2160 822 2224 omnia
842 2161 987 2240 benigna
1008 2179 1108 2224 mauu
1130 2160 1271 2240 largitus
1297 2164 1371 2222 est:

180 2284 184 2289 ·
285 2260 492 2324 nobilitatem
508 2278 587 2342 qua,
604 2261 633 2322 si
649 2260 693 2322 ab
706 2259 824 2323 ultima
838 2265 1004 2343 repetatur
1019 2260 1155 2341 origine,
1170 2278 1212 2322 ue
1227 2259 1262 2321 in
1275 2258 1372 2323 iabu-
1403 2276 1408 2285 ’

288 2360 332 2422 lis
366 2359 496 2442 quidem
525 2360 663 2422 inveniri
690 2360 801 2440 possit
829 2360 1009 2443 antiquior:
1046 2359 1184 2423 sormam
1222 2360 1372 2442 corporis

288 2459 465 2539 egregiam,
480 2462 514 2520 et
526 2474 626 2536 regno
642 2458 697 2519 oui
707 2464 808 2519 natus
823 2475 861 2520 es
876 2459 1006 2537 diguam
1022 2478 1030 2520 ε
1054 2456 1229 2538 ingenium,
1244 2457 1287 2522 ad
1302 2479 1372 2522 om·

287 2557 380 2620 nium
395 2556 455 2637 qui
481 2564 513 2619 te
540 2555 662 2621 adeunt
682 2556 956 2622 admirationem:
978 2557 1174 2642 praeclaram
1200 2564 1234 2621 et
1255 2558 1372 2624 latam

288 2654 457 2732 indolem
479 2655 633 2736 pietatem
658 2653 978 2738 denique-singulari
1004 2656 1190 2721 eruditione
1213 2657 1374 2740 conjunc·

290 2760 471 2837 tamqqnee
486 2774 562 2818 num
581 2755 661 2819 olim
684 2756 812 2820 coelesti
834 2757 893 2821 iila
915 2757 1079 2839 sapientie
1094 2758 1192 2840 qnasi
1204 2758 1374 2822 cumulata

289 2853 419 2929 fuerint,
436 2862 505 2921 tum
527 2861 614 2919 certe
636 2856 883 2939 sapientissimo
907 2865 966 2921 tuo
990 2859 1115 2940 parenti
1134 2857 1206 2940 jam
1227 2859 1374 2941 propior,

291 2959 361 3021 tam
379 2974 479 3036 snper
493 2955 580 3019 aiios
594 2974 687 3037 reges
701 2957 861 3034 eveheris,
875 2976 973 3039 quam
988 2975 1076 3022 nuno
1093 2956 1257 3040 reliquum
1279 2975 1375 3021 omne

292 3056 431 3119 mortale
445 3075 550 3136 genus
565 3058 797 3139 superemines.
841 3058 905 3122 Sed
919 3059 1126 3123 invenustum
1136 3065 1189 3123 est
1201 3063 1234 3124 te
1248 3057 1375 3122 diutins

154 3234 158 3241 ,
293 3156 427 3231 morari,
443 3156 644 3221 nsnsnmn
659 3157 927 3235 sunnsrssinn,
938 3159 993 3222 cui

379 3254 458 3320 Jam
475 3258 565 3321 renit
578 3274 620 3321 en
636 3258 740 3339 virgo,
748 3257 821 3342 jam
836 3258 960 3323 dicetur
976 3259 1192 3342 Hymeureus,

380 3355 525 3438 Hymen,
540 3375 562 3420 o
580 3357 774 3442 Hymenaee,
791 3358 926 3442 Hymen
945 3357 1036 3435 ades,
1051 3378 1073 3422 o
1089 3359 1290 3442 Hymenaee.

381 3456 498 3520 Laetus
513 3458 613 3522 ades!

294 3556 383 3623 Vale
397 3554 506 3639 igitur,
519 3557 721 3622 Danuuius
731 3559 999 3634 Ssnnsrssrnu,
1013 3567 1117 3642 tuqus
1132 3560 1222 3623 elma
1236 3558 1376 3623 victoria

297 3657 542 3721 Sausnrssrm
571 3655 761 3720 Dannnrnr
799 3658 1022 3723 sanctissima
1050 3657 1186 3745 conjnx.
1242 3655 1376 3732 Valete,

182 3780 184 3785 ’
295 3775 373 3825 noa
398 3757 574 3840 presentia
587 3758 731 3837 numina,
745 3777 861 3842 meque
881 3776 1054 3840 meumque
1066 3756 1152 3822 buno
1166 3757 1312 3823 laborem
1326 3759 1377 3824 t'u·

298 3862 411 3922 ventes
427 3855 579 3940 aspicite,
594 3856 708 3940 sicque
723 3860 819 3923 vobis

427 3956 496 4021 Det
506 3956 665 4037 juvenum
682 3959 803 4023 cultrix
818 3957 943 4041 prolem
957 3956 1085 4022 Latona
1095 3958 1238 4036 beatam,

468 4055 609 4139 Vosque
624 4078 705 4141 puer
717 4058 807 4123 letis
819 4060 951 4142 ignibus
964 4064 1037 4123 urat
1053 4056 1165 4123 Amor.

397 4195 502 4246 Parisiis
515 4201 538 4245 1.
550 4196 608 4246 Kai.
620 4197 701 4248 biart.
710 4201 782 4249 loeo.
