<?xml version="1.0" encoding="UTF-8"?>
<!DOCTYPE html PUBLIC "-//W3C//DTD XHTML 1.0 Transitional//EN"
    "http://www.w3.org/TR/xhtml1/DTD/xhtml1-transitional.dtd">
<html xmlns="http://www.w3.org/1999/xhtml" xml:lang="en" lang="en">
 <head>
  <title>
</title>
<meta http-equiv="Content-Type" content="text/html;charset=utf-8" />
  <meta name='ocr-system' content='tesseract 3.04.00' />
  <meta name='ocr-capabilities' content='ocr_page ocr_carea ocr_par ocr_line ocrx_word'/>
</head>
<body>
  <div class='ocr_page' id='page_1' title='image "./debellotrojano00josegoog/debellotrojano00josegoog_0364.png"; bbox 0 0 3006 4906; ppageno 0'>
   <div class='ocr_carea' id='block_1_1' title="bbox 423 413 1225 499">
    <p class='ocr_par' dir='ltr' id='par_1_1' title="bbox 423 413 1225 499">
     <span class='ocr_line' id='line_1_1' title="bbox 423 413 1225 499; baseline 0.006 -25"><span class='ocrx_word' id='word_1_1' title='bbox 423 428 470 475; x_wconf 85' lang='lat' dir='ltr'>na</span> <span class='ocrx_word' id='word_1_2' title='bbox 496 426 623 498; x_wconf 73' lang='lat' dir='ltr'>exoro.</span> <span class='ocrx_word' id='word_1_3' title='bbox 645 427 772 477; x_wconf 75' lang='lat' dir='ltr'>rausa</span> <span class='ocrx_word' id='word_1_4' title='bbox 796 428 947 477; x_wconf 78' lang='lat' dir='ltr'>aranon.</span> <span class='ocrx_word' id='word_1_5' title='bbox 971 492 977 499; x_wconf 25' lang='lat'><em>¹</em></span> <span class='ocrx_word' id='word_1_6' title='bbox 1159 413 1225 479; x_wconf 70' lang='lat'>329</span> 
     </span>
    </p>
   </div>
   <div class='ocr_carea' id='block_1_2' title="bbox 126 568 1224 958">
    <p class='ocr_par' dir='ltr' id='par_1_2' title="bbox 126 568 1224 958">
     <span class='ocr_line' id='line_1_2' title="bbox 132 568 1224 652; baseline 0 -14"><span class='ocrx_word' id='word_1_7' title='bbox 132 571 288 638; x_wconf 84' lang='lat' dir='ltr'>Achilles</span> <span class='ocrx_word' id='word_1_8' title='bbox 306 569 350 637; x_wconf 83' lang='lat' dir='ltr'>da</span> <span class='ocrx_word' id='word_1_9' title='bbox 376 568 495 652; x_wconf 71' lang='lat' dir='ltr'>praelio</span> <span class='ocrx_word' id='word_1_10' title='bbox 510 570 647 635; x_wconf 85' lang='lat' dir='ltr'>saucius</span> <span class='ocrx_word' id='word_1_11' title='bbox 662 569 769 636; x_wconf 84' lang='lat' dir='ltr'>redit:</span> <span class='ocrx_word' id='word_1_12' title='bbox 782 576 956 652; x_wconf 60' lang='lat' dir='ltr'>&#39;pugnatur</span> <span class='ocrx_word' id='word_1_13' title='bbox 970 573 1138 637; x_wconf 89' lang='lat' dir='ltr'>continuis</span> <span class='ocrx_word' id='word_1_14' title='bbox 1153 572 1224 639; x_wconf 86' lang='lat' dir='ltr'>die·</span> 
     </span>
     <span class='ocr_line' id='line_1_3' title="bbox 132 664 1224 755; baseline 0 -17"><span class='ocrx_word' id='word_1_15' title='bbox 132 676 286 738; x_wconf 72' lang='lat' dir='ltr'>busseul.</span> <span class='ocrx_word' id='word_1_16' title='bbox 315 670 384 735; x_wconf 88' lang='lat' dir='ltr'>Die</span> <span class='ocrx_word' id='word_1_17' title='bbox 398 671 555 753; x_wconf 87' lang='lat' dir='ltr'>septimo,</span> <span class='ocrx_word' id='word_1_18' title='bbox 566 671 646 735; x_wconf 81' lang='lat' dir='ltr'>dum</span> <span class='ocrx_word' id='word_1_19' title='bbox 657 679 801 754; x_wconf 79' lang='lat' dir='ltr'>uterque</span> <span class='ocrx_word' id='word_1_20' title='bbox 818 664 988 737; x_wconf 79' lang='lat' dir='ltr'>exercitus</span> <span class='ocrx_word' id='word_1_21' title='bbox 1003 675 1120 755; x_wconf 72' lang='lat' dir='ltr'>praelio</span> <span class='ocrx_word' id='word_1_22' title='bbox 1131 693 1224 739; x_wconf 91' lang='lat' dir='ltr'>com·</span> 
     </span>
     <span class='ocr_line' id='line_1_4' title="bbox 129 768 1223 855; baseline 0.001 -18"><span class='ocrx_word' id='word_1_23' title='bbox 129 776 240 841; x_wconf 86' lang='lat' dir='ltr'>misso</span> <span class='ocrx_word' id='word_1_24' title='bbox 260 772 440 853; x_wconf 75' lang='lat' dir='ltr'>fugaretur,</span> <span class='ocrx_word' id='word_1_25' title='bbox 456 768 618 849; x_wconf 86' lang='lat' dir='ltr'>Achilles,</span> <span class='ocrx_word' id='word_1_26' title='bbox 635 773 694 853; x_wconf 90' lang='lat' dir='ltr'>qni</span> <span class='ocrx_word' id='word_1_27' title='bbox 714 772 884 855; x_wconf 83' lang='lat' dir='ltr'>aliquibus</span> <span class='ocrx_word' id='word_1_28' title='bbox 898 773 1018 837; x_wconf 87' lang='lat' dir='ltr'>diebus</span> <span class='ocrx_word' id='word_1_29' title='bbox 1031 781 1174 840; x_wconf 84' lang='lat' dir='ltr'>vexatus</span> <span class='ocrx_word' id='word_1_30' title='bbox 1189 776 1223 838; x_wconf 91' lang='lat' dir='ltr'>in</span> 
     </span>
     <span class='ocr_line' id='line_1_5' title="bbox 126 869 1222 958; baseline 0.007 -24"><span class='ocrx_word' id='word_1_31' title='bbox 126 892 276 958; x_wconf 76' lang='lat' dir='ltr'>pugnarn</span> <span class='ocrx_word' id='word_1_32' title='bbox 304 890 369 936; x_wconf 89' lang='lat' dir='ltr'>non</span> <span class='ocrx_word' id='word_1_33' title='bbox 398 869 580 953; x_wconf 78' lang='lat' dir='ltr'><strong>prodierat,</strong></span> <span class='ocrx_word' id='word_1_34' title='bbox 606 869 838 955; x_wconf 77' lang='lat' dir='ltr'><strong>Myrmidonas</strong></span> <span class='ocrx_word' id='word_1_35' title='bbox 861 874 1007 938; x_wconf 86' lang='lat' dir='ltr'>instruit.</span> <span class='ocrx_word' id='word_1_36' title='bbox 1051 875 1222 953; x_wconf 74' lang='lat' dir='ltr'>Hortatur,</span> 
     </span>
    </p>
   </div>
   <div class='ocr_carea' id='block_1_3' title="bbox 128 960 1352 1057">
    <p class='ocr_par' dir='ltr' id='par_1_3' title="bbox 128 960 1352 1057">
     <span class='ocr_line' id='line_1_6' title="bbox 128 960 1352 1057; baseline 0.004 -18"><span class='ocrx_word' id='word_1_37' title='bbox 128 975 313 1057; x_wconf 76' lang='lat' dir='ltr'>alloquitur</span> <span class='ocrx_word' id='word_1_38' title='bbox 340 979 379 1036; x_wconf 86' lang='lat' dir='ltr'>ut</span> <span class='ocrx_word' id='word_1_39' title='bbox 406 971 534 1039; x_wconf 81' lang='lat' dir='ltr'>fortiter</span> <span class='ocrx_word' id='word_1_40' title='bbox 563 973 817 1055; x_wconf 84' lang='lat' dir='ltr'>impressionem</span> <span class='ocrx_word' id='word_1_41' title='bbox 842 975 876 1038; x_wconf 91' lang='lat' dir='ltr'>in</span> <span class='ocrx_word' id='word_1_42' title='bbox 905 975 1058 1039; x_wconf 86' lang='lat' dir='ltr'>Troilum</span> <span class='ocrx_word' id='word_1_43' title='bbox 1084 977 1222 1043; x_wconf 85' lang='lat' dir='ltr'>saciant.</span> <span class='ocrx_word' id='word_1_44' title='bbox 1346 960 1352 975; x_wconf 43' lang='lat'>³</span> 
     </span>
    </p>
   </div>
   <div class='ocr_carea' id='block_1_4' title="bbox 119 1071 1279 3370">
    <p class='ocr_par' dir='ltr' id='par_1_4' title="bbox 119 1071 1279 3370">
     <span class='ocr_line' id='line_1_7' title="bbox 130 1071 1222 1160; baseline 0.003 -22"><span class='ocrx_word' id='word_1_45' title='bbox 130 1074 318 1157; x_wconf 86' lang='lat' dir='ltr'>Postquam</span> <span class='ocrx_word' id='word_1_46' title='bbox 332 1072 440 1155; x_wconf 76' lang='lat' dir='ltr'>maJor</span> <span class='ocrx_word' id='word_1_47' title='bbox 452 1090 532 1156; x_wconf 84' lang='lat' dir='ltr'>pars</span> <span class='ocrx_word' id='word_1_48' title='bbox 546 1071 615 1137; x_wconf 88' lang='lat' dir='ltr'>diei</span> <span class='ocrx_word' id='word_1_49' title='bbox 631 1074 772 1151; x_wconf 87' lang='lat' dir='ltr'>transiit,</span> <span class='ocrx_word' id='word_1_50' title='bbox 783 1076 914 1157; x_wconf 83' lang='lat' dir='ltr'>prodit⁹</span> <span class='ocrx_word' id='word_1_51' title='bbox 928 1075 1063 1141; x_wconf 82' lang='lat' dir='ltr'>Troilus</span> <span class='ocrx_word' id='word_1_52' title='bbox 1076 1095 1122 1141; x_wconf 88' lang='lat' dir='ltr'>ex</span> <span class='ocrx_word' id='word_1_53' title='bbox 1136 1096 1222 1160; x_wconf 90' lang='lat' dir='ltr'>equo</span> 
     </span>
     <span class='ocr_line' id='line_1_8' title="bbox 129 1172 1223 1259; baseline 0.005 -21"><span class='ocrx_word' id='word_1_54' title='bbox 129 1175 262 1241; x_wconf 68' lang='lat' dir='ltr'>latusln</span> <span class='ocrx_word' id='word_1_55' title='bbox 304 1172 422 1256; x_wconf 83' lang='lat' dir='ltr'>Argivi</span> <span class='ocrx_word' id='word_1_56' title='bbox 437 1173 585 1239; x_wconf 85' lang='lat' dir='ltr'>clamore</span> <span class='ocrx_word' id='word_1_57' title='bbox 601 1192 718 1256; x_wconf 78' lang='lat' dir='ltr'>magno</span> <span class='ocrx_word' id='word_1_58' title='bbox 731 1174 842 1255; x_wconf 76' lang='lat' dir='ltr'>sugam</span> <span class='ocrx_word' id='word_1_59' title='bbox 853 1176 994 1240; x_wconf 87' lang='lat' dir='ltr'>saciant.</span> <span class='ocrx_word' id='word_1_60' title='bbox 1037 1175 1223 1259; x_wconf 85' lang='lat' dir='ltr'>Myrmido-</span> 
     </span>
     <span class='ocr_line' id='line_1_9' title="bbox 127 1274 1279 1360; baseline 0.006 -23"><span class='ocrx_word' id='word_1_61' title='bbox 127 1295 192 1340; x_wconf 89' lang='lat' dir='ltr'>nes</span> <span class='ocrx_word' id='word_1_62' title='bbox 208 1294 442 1358; x_wconf 83' lang='lat' dir='ltr'>supervenere,</span> <span class='ocrx_word' id='word_1_63' title='bbox 452 1274 709 1358; x_wconf 84' lang='lat' dir='ltr'>impressionem</span> <span class='ocrx_word' id='word_1_64' title='bbox 724 1276 757 1339; x_wconf 91' lang='lat' dir='ltr'>in</span> <span class='ocrx_word' id='word_1_65' title='bbox 766 1276 915 1341; x_wconf 88' lang='lat' dir='ltr'>Troilum</span> <span class='ocrx_word' id='word_1_66' title='bbox 931 1277 1069 1354; x_wconf 85' lang='lat' dir='ltr'>iaciunt,</span> <span class='ocrx_word' id='word_1_67' title='bbox 1083 1279 1124 1342; x_wconf 87' lang='lat' dir='ltr'>de</span> <span class='ocrx_word' id='word_1_68' title='bbox 1139 1297 1222 1360; x_wconf 89' lang='lat' dir='ltr'>quo·</span> <span class='ocrx_word' id='word_1_69' title='bbox 1271 1286 1279 1302; x_wconf 78' lang='grc'><strong>“</strong></span> 
     </span>
     <span class='ocr_line' id='line_1_10' title="bbox 129 1374 1221 1462; baseline 0.005 -23"><span class='ocrx_word' id='word_1_70' title='bbox 129 1395 205 1439; x_wconf 89' lang='lat' dir='ltr'>rum</span> <span class='ocrx_word' id='word_1_71' title='bbox 219 1394 358 1439; x_wconf 88' lang='lat' dir='ltr'>numero</span> <span class='ocrx_word' id='word_1_72' title='bbox 371 1374 501 1440; x_wconf 89' lang='lat' dir='ltr'>multia</span> <span class='ocrx_word' id='word_1_73' title='bbox 515 1374 631 1439; x_wconf 91' lang='lat' dir='ltr'>Troilo</span> <span class='ocrx_word' id='word_1_74' title='bbox 645 1375 849 1441; x_wconf 88' lang='lat' dir='ltr'>occiduntur.</span> <span class='ocrx_word' id='word_1_75' title='bbox 895 1378 984 1442; x_wconf 89' lang='lat' dir='ltr'>Dum</span> <span class='ocrx_word' id='word_1_76' title='bbox 1001 1379 1122 1443; x_wconf 83' lang='lat' dir='ltr'>acriter</span> <span class='ocrx_word' id='word_1_77' title='bbox 1134 1398 1221 1462; x_wconf 72' lang='lat' dir='ltr'>prea-</span> 
     </span>
     <span class='ocr_line' id='line_1_11' title="bbox 130 1475 1221 1562; baseline 0.005 -23"><span class='ocrx_word' id='word_1_78' title='bbox 130 1476 246 1552; x_wconf 91' lang='lat' dir='ltr'>liatur,</span> <span class='ocrx_word' id='word_1_79' title='bbox 271 1494 375 1559; x_wconf 88' lang='lat' dir='ltr'>equus</span> <span class='ocrx_word' id='word_1_80' title='bbox 396 1475 504 1539; x_wconf 88' lang='lat' dir='ltr'>Troili</span> <span class='ocrx_word' id='word_1_81' title='bbox 528 1475 666 1539; x_wconf 88' lang='lat' dir='ltr'>saucius</span> <span class='ocrx_word' id='word_1_82' title='bbox 690 1477 825 1554; x_wconf 89' lang='lat' dir='ltr'>corruit,</span> <span class='ocrx_word' id='word_1_83' title='bbox 849 1477 1001 1542; x_wconf 89' lang='lat' dir='ltr'>Troilum</span> <span class='ocrx_word' id='word_1_84' title='bbox 1024 1478 1221 1562; x_wconf 84' lang='lat' dir='ltr'>implicitum</span> 
     </span>
     <span class='ocr_line' id='line_1_12' title="bbox 128 1575 1222 1663; baseline 0.005 -23"><span class='ocrx_word' id='word_1_85' title='bbox 128 1578 268 1642; x_wconf 84' lang='lat' dir='ltr'>excutit.</span> <span class='ocrx_word' id='word_1_86' title='bbox 312 1576 397 1640; x_wconf 86' lang='lat' dir='ltr'>Eum</span> <span class='ocrx_word' id='word_1_87' title='bbox 414 1575 569 1641; x_wconf 87' lang='lat' dir='ltr'>Achilles</span> <span class='ocrx_word' id='word_1_88' title='bbox 583 1576 653 1639; x_wconf 87' lang='lat' dir='ltr'>cito</span> <span class='ocrx_word' id='word_1_89' title='bbox 676 1576 856 1643; x_wconf 80' lang='lat' dir='ltr'>adveniens</span> <span class='ocrx_word' id='word_1_90' title='bbox 872 1579 1008 1657; x_wconf 88' lang='lat' dir='ltr'>occidit,</span> <span class='ocrx_word' id='word_1_91' title='bbox 1024 1586 1119 1647; x_wconf 86' lang='lat' dir='ltr'>etex</span> <span class='ocrx_word' id='word_1_92' title='bbox 1135 1600 1222 1663; x_wconf 67' lang='lat' dir='ltr'>pran-</span> 
     </span>
     <span class='ocr_line' id='line_1_13' title="bbox 126 1677 1220 1764; baseline 0.004 -22"><span class='ocrx_word' id='word_1_93' title='bbox 126 1678 174 1743; x_wconf 91' lang='lat' dir='ltr'>lio</span> <span class='ocrx_word' id='word_1_94' title='bbox 187 1679 316 1743; x_wconf 86' lang='lat' dir='ltr'>trabere</span> <span class='ocrx_word' id='word_1_95' title='bbox 330 1679 448 1761; x_wconf 85' lang='lat' dir='ltr'>ooepit.</span> <span class='ocrx_word' id='word_1_96' title='bbox 491 1677 538 1741; x_wconf 87' lang='lat' dir='ltr'>Et</span> <span class='ocrx_word' id='word_1_97' title='bbox 552 1679 790 1755; x_wconf 76' lang='lat' dir='ltr'>subtraxisset,</span> <span class='ocrx_word' id='word_1_98' title='bbox 813 1679 879 1743; x_wconf 89' lang='lat' dir='ltr'>nisi</span> <span class='ocrx_word' id='word_1_99' title='bbox 905 1679 1065 1746; x_wconf 87' lang='lat' dir='ltr'>Memnon</span> <span class='ocrx_word' id='word_1_100' title='bbox 1079 1683 1220 1764; x_wconf 89' lang='lat' dir='ltr'>eripuis·</span> 
     </span>
     <span class='ocr_line' id='line_1_14' title="bbox 127 1778 1219 1864; baseline 0.004 -20"><span class='ocrx_word' id='word_1_101' title='bbox 127 1789 191 1856; x_wconf 87' lang='lat' dir='ltr'>set,</span> <span class='ocrx_word' id='word_1_102' title='bbox 216 1787 251 1843; x_wconf 90' lang='lat' dir='ltr'>et</span> <span class='ocrx_word' id='word_1_103' title='bbox 276 1778 439 1843; x_wconf 76' lang='lat' dir='ltr'>Achillem</span> <span class='ocrx_word' id='word_1_104' title='bbox 465 1778 600 1843; x_wconf 85' lang='lat' dir='ltr'>vulnere</span> <span class='ocrx_word' id='word_1_105' title='bbox 623 1781 821 1845; x_wconf 79' lang='lat' dir='ltr'>sauciasset.</span> <span class='ocrx_word' id='word_1_106' title='bbox 866 1779 1013 1845; x_wconf 87' lang='lat' dir='ltr'>Achilles</span> <span class='ocrx_word' id='word_1_107' title='bbox 1034 1780 1076 1845; x_wconf 88' lang='lat' dir='ltr'>de</span> <span class='ocrx_word' id='word_1_108' title='bbox 1103 1784 1219 1864; x_wconf 86' lang='lat' dir='ltr'>praelio</span> 
     </span>
     <span class='ocr_line' id='line_1_15' title="bbox 131 1878 1219 1965; baseline 0.005 -23"><span class='ocrx_word' id='word_1_109' title='bbox 131 1883 272 1945; x_wconf 88' lang='lat' dir='ltr'>saucius</span> <span class='ocrx_word' id='word_1_110' title='bbox 285 1878 382 1943; x_wconf 82' lang='lat' dir='ltr'>redit.</span> <span class='ocrx_word' id='word_1_111' title='bbox 424 1879 580 1945; x_wconf 78' lang='lat' dir='ltr'>Memnon</span> <span class='ocrx_word' id='word_1_112' title='bbox 595 1880 778 1962; x_wconf 86' lang='lat' dir='ltr'>insequitur</span> <span class='ocrx_word' id='word_1_113' title='bbox 798 1888 831 1944; x_wconf 91' lang='lat' dir='ltr'>et</span> <span class='ocrx_word' id='word_1_114' title='bbox 852 1900 930 1946; x_wconf 92' lang='lat' dir='ltr'>cum</span> <span class='ocrx_word' id='word_1_115' title='bbox 952 1882 1065 1945; x_wconf 88' lang='lat' dir='ltr'>multis</span> <span class='ocrx_word' id='word_1_116' title='bbox 1081 1883 1219 1965; x_wconf 86' lang='lat' dir='ltr'>impres·</span> 
     </span>
     <span class='ocr_line' id='line_1_16' title="bbox 132 1973 1218 2062; baseline 0.001 -18"><span class='ocrx_word' id='word_1_117' title='bbox 132 1982 261 2045; x_wconf 88' lang='lat' dir='ltr'>sionem</span> <span class='ocrx_word' id='word_1_118' title='bbox 283 1979 372 2043; x_wconf 77' lang='lat' dir='ltr'>iacit.</span> <span class='ocrx_word' id='word_1_119' title='bbox 409 1973 465 2045; x_wconf 83' lang='lat' dir='ltr'>¹Ut</span> <span class='ocrx_word' id='word_1_120' title='bbox 486 1981 637 2062; x_wconf 84' lang='lat' dir='ltr'>respexit</span> <span class='ocrx_word' id='word_1_121' title='bbox 660 2000 736 2045; x_wconf 90' lang='lat' dir='ltr'>eum</span> <span class='ocrx_word' id='word_1_122' title='bbox 759 1978 920 2059; x_wconf 87' lang='lat' dir='ltr'>Acbssles,</span> <span class='ocrx_word' id='word_1_123' title='bbox 943 1983 1080 2046; x_wconf 89' lang='lat' dir='ltr'>restitit:</span> <span class='ocrx_word' id='word_1_124' title='bbox 1104 1988 1218 2047; x_wconf 86' lang='lat' dir='ltr'>curato</span> 
     </span>
     <span class='ocr_line' id='line_1_17' title="bbox 129 2081 1218 2164; baseline 0.003 -20"><span class='ocrx_word' id='word_1_125' title='bbox 129 2083 246 2163; x_wconf 90' lang='lat' dir='ltr'>itaque</span> <span class='ocrx_word' id='word_1_126' title='bbox 274 2081 416 2159; x_wconf 77' lang='lat' dir='ltr'>vnlnere,</span> <span class='ocrx_word' id='word_1_127' title='bbox 457 2088 493 2145; x_wconf 89' lang='lat' dir='ltr'>et</span> <span class='ocrx_word' id='word_1_128' title='bbox 521 2081 764 2164; x_wconf 89' lang='lat' dir='ltr'>aliquantulum</span> <span class='ocrx_word' id='word_1_129' title='bbox 793 2083 977 2164; x_wconf 81' lang='lat' dir='ltr'>praeliatus,</span> <span class='ocrx_word' id='word_1_130' title='bbox 1005 2082 1218 2147; x_wconf 90' lang='lat' dir='ltr'>Memnonem</span> 
     </span>
     <span class='ocr_line' id='line_1_18' title="bbox 128 2182 1217 2265; baseline 0 -19"><span class='ocrx_word' id='word_1_131' title='bbox 128 2183 247 2246; x_wconf 84' lang='lat' dir='ltr'>multis</span> <span class='ocrx_word' id='word_1_132' title='bbox 261 2182 369 2264; x_wconf 82' lang='lat' dir='ltr'>plagis</span> <span class='ocrx_word' id='word_1_133' title='bbox 381 2182 534 2259; x_wconf 73' lang='lat' dir='ltr'>occidit,¹³</span> <span class='ocrx_word' id='word_1_134' title='bbox 557 2189 593 2245; x_wconf 89' lang='lat' dir='ltr'>et</span> <span class='ocrx_word' id='word_1_135' title='bbox 605 2183 680 2264; x_wconf 88' lang='lat' dir='ltr'>ipse</span> <span class='ocrx_word' id='word_1_136' title='bbox 694 2184 891 2249; x_wconf 78' lang='lat' dir='ltr'>vulneratus</span> <span class='ocrx_word' id='word_1_137' title='bbox 915 2186 958 2248; x_wconf 86' lang='lat' dir='ltr'>ab</span> <span class='ocrx_word' id='word_1_138' title='bbox 981 2203 1023 2247; x_wconf 92' lang='lat' dir='ltr'>eo</span> <span class='ocrx_word' id='word_1_139' title='bbox 1037 2202 1081 2247; x_wconf 82' lang='lat' dir='ltr'>ex</span> <span class='ocrx_word' id='word_1_140' title='bbox 1097 2183 1217 2265; x_wconf 73' lang='lat' dir='ltr'>prelio</span> 
     </span>
     <span class='ocr_line' id='line_1_19' title="bbox 126 2282 1219 2367; baseline -0.001 -18"><span class='ocrx_word' id='word_1_141' title='bbox 126 2283 279 2349; x_wconf 81' lang='lat' dir='ltr'>recessit.</span> <span class='ocrx_word' id='word_1_142' title='bbox 322 2282 512 2367; x_wconf 88' lang='lat' dir='ltr'>Postquam</span> <span class='ocrx_word' id='word_1_143' title='bbox 526 2282 704 2351; x_wconf 85' lang='lat' dir='ltr'>Persarum</span> <span class='ocrx_word' id='word_1_144' title='bbox 718 2284 787 2349; x_wconf 86' lang='lat' dir='ltr'>dux</span> <span class='ocrx_word' id='word_1_145' title='bbox 803 2286 937 2350; x_wconf 90' lang='lat' dir='ltr'>occisus</span> <span class='ocrx_word' id='word_1_146' title='bbox 959 2291 1023 2360; x_wconf 87' lang='lat' dir='ltr'>est,</span> <span class='ocrx_word' id='word_1_147' title='bbox 1045 2290 1081 2347; x_wconf 88' lang='lat' dir='ltr'>et</span> <span class='ocrx_word' id='word_1_148' title='bbox 1101 2283 1219 2367; x_wconf 87' lang='lat' dir='ltr'>Troja-</span> 
     </span>
     <span class='ocr_line' id='line_1_20' title="bbox 126 2383 1218 2467; baseline 0.002 -21"><span class='ocrx_word' id='word_1_149' title='bbox 126 2403 243 2449; x_wconf 88' lang='lat' dir='ltr'>nornm</span> <span class='ocrx_word' id='word_1_150' title='bbox 257 2386 426 2451; x_wconf 85' lang='lat' dir='ltr'>exercitus</span> <span class='ocrx_word' id='word_1_151' title='bbox 439 2385 536 2451; x_wconf 83' lang='lat' dir='ltr'>fusus</span> <span class='ocrx_word' id='word_1_152' title='bbox 546 2391 610 2459; x_wconf 88' lang='lat' dir='ltr'>est,</span> <span class='ocrx_word' id='word_1_153' title='bbox 631 2383 752 2466; x_wconf 90' lang='lat' dir='ltr'>reliqui</span> <span class='ocrx_word' id='word_1_154' title='bbox 768 2385 804 2447; x_wconf 89' lang='lat' dir='ltr'>in</span> <span class='ocrx_word' id='word_1_155' title='bbox 817 2384 978 2467; x_wconf 86' lang='lat' dir='ltr'>oppidum</span> <span class='ocrx_word' id='word_1_156' title='bbox 993 2384 1218 2465; x_wconf 77' lang='lat' dir='ltr'>confugerunt,</span> 
     </span>
     <span class='ocr_line' id='line_1_21' title="bbox 127 2483 1218 2569; baseline -0.001 -19"><span class='ocrx_word' id='word_1_157' title='bbox 127 2494 314 2568; x_wconf 66' lang='lat' dir='ltr'>ponesque</span> <span class='ocrx_word' id='word_1_158' title='bbox 329 2486 541 2551; x_wconf 78' lang='lat' dir='ltr'>clauseruntt</span> <span class='ocrx_word' id='word_1_159' title='bbox 564 2485 716 2569; x_wconf 84' lang='lat' dir='ltr'>praelium</span> <span class='ocrx_word' id='word_1_160' title='bbox 738 2504 806 2550; x_wconf 82' lang='lat' dir='ltr'>nox</span> <span class='ocrx_word' id='word_1_161' title='bbox 826 2485 960 2549; x_wconf 85' lang='lat' dir='ltr'>dirimit.</span> <span class='ocrx_word' id='word_1_162' title='bbox 1003 2483 1151 2550; x_wconf 87' lang='lat' dir='ltr'>Postera</span> <span class='ocrx_word' id='word_1_163' title='bbox 1164 2484 1218 2549; x_wconf 86' lang='lat' dir='ltr'>die</span> 
     </span>
     <span class='ocr_line' id='line_1_22' title="bbox 127 2583 1218 2669; baseline 0.003 -21"><span class='ocrx_word' id='word_1_164' title='bbox 127 2604 151 2648; x_wconf 89' lang='lat' dir='ltr'>a</span> <span class='ocrx_word' id='word_1_165' title='bbox 164 2583 299 2653; x_wconf 85' lang='lat' dir='ltr'>Priamo</span> <span class='ocrx_word' id='word_1_166' title='bbox 312 2586 413 2669; x_wconf 74' lang='lat' dir='ltr'>legati</span> <span class='ocrx_word' id='word_1_167' title='bbox 426 2586 469 2650; x_wconf 88' lang='lat' dir='ltr'>ad</span> <span class='ocrx_word' id='word_1_168' title='bbox 483 2585 765 2668; x_wconf 78' lang='lat' dir='ltr'>Agamemnonem</span> <span class='ocrx_word' id='word_1_169' title='bbox 781 2587 875 2650; x_wconf 89' lang='lat' dir='ltr'>missi</span> <span class='ocrx_word' id='word_1_170' title='bbox 890 2594 979 2663; x_wconf 88' lang='lat' dir='ltr'>sunt,</span> <span class='ocrx_word' id='word_1_171' title='bbox 1003 2594 1041 2650; x_wconf 91' lang='lat' dir='ltr'>ut</span> <span class='ocrx_word' id='word_1_172' title='bbox 1063 2585 1218 2652; x_wconf 86' lang='lat' dir='ltr'>inducias</span> 
     </span>
     <span class='ocr_line' id='line_1_23' title="bbox 124 2684 1216 2770; baseline 0.003 -20"><span class='ocrx_word' id='word_1_173' title='bbox 124 2694 300 2769; x_wconf 86' lang='lat' dir='ltr'>peterent:</span> <span class='ocrx_word' id='word_1_174' title='bbox 322 2684 550 2770; x_wconf 83' lang='lat' dir='ltr'>Agamemnon</span> <span class='ocrx_word' id='word_1_175' title='bbox 576 2705 619 2750; x_wconf 84' lang='lat' dir='ltr'>ex</span> <span class='ocrx_word' id='word_1_176' title='bbox 643 2687 775 2751; x_wconf 89' lang='lat' dir='ltr'>consilii</span> <span class='ocrx_word' id='word_1_177' title='bbox 801 2688 966 2751; x_wconf 84' lang='lat' dir='ltr'>sententia</span> <span class='ocrx_word' id='word_1_178' title='bbox 980 2688 1012 2750; x_wconf 89' lang='lat' dir='ltr'>in</span> <span class='ocrx_word' id='word_1_179' title='bbox 1027 2686 1100 2751; x_wconf 88' lang='lat' dir='ltr'>dies</span> <span class='ocrx_word' id='word_1_180' title='bbox 1115 2702 1216 2753; x_wconf 82' lang='lat' dir='ltr'><strong>xxx.</strong></span> 
     </span>
     <span class='ocr_line' id='line_1_24' title="bbox 123 2786 1216 2871; baseline 0 -19"><span class='ocrx_word' id='word_1_181' title='bbox 123 2788 282 2854; x_wconf 82' lang='lat' dir='ltr'>inducias</span> <span class='ocrx_word' id='word_1_182' title='bbox 296 2787 386 2853; x_wconf 81' lang='lat' dir='ltr'>iacit</span> <span class='ocrx_word' id='word_1_183' title='bbox 433 2786 588 2852; x_wconf 87' lang='lat' dir='ltr'>Priamus</span> <span class='ocrx_word' id='word_1_184' title='bbox 602 2787 752 2854; x_wconf 90' lang='lat' dir='ltr'>Troilum</span> <span class='ocrx_word' id='word_1_185' title='bbox 768 2792 801 2852; x_wconf 89' lang='lat' dir='ltr'>et</span> <span class='ocrx_word' id='word_1_186' title='bbox 816 2786 1026 2855; x_wconf 87' lang='lat' dir='ltr'>Memnonem</span> <span class='ocrx_word' id='word_1_187' title='bbox 1040 2787 1216 2871; x_wconf 79' lang='lat' dir='ltr'>magnifico</span> 
     </span>
     <span class='ocr_line' id='line_1_25' title="bbox 120 2888 1217 2973; baseline 0.003 -22"><span class='ocrx_word' id='word_1_188' title='bbox 120 2888 260 2954; x_wconf 83' lang='lat' dir='ltr'>iuuere⁰</span> <span class='ocrx_word' id='word_1_189' title='bbox 281 2888 388 2953; x_wconf 80' lang='lat' dir='ltr'>effert:</span> <span class='ocrx_word' id='word_1_190' title='bbox 412 2895 605 2971; x_wconf 85' lang='lat' dir='ltr'>ceterosque</span> <span class='ocrx_word' id='word_1_191' title='bbox 629 2889 754 2954; x_wconf 88' lang='lat' dir='ltr'>milites</span> <span class='ocrx_word' id='word_1_192' title='bbox 776 2891 907 2971; x_wconf 86' lang='lat' dir='ltr'>utrique</span> <span class='ocrx_word' id='word_1_193' title='bbox 929 2890 1138 2973; x_wconf 86' lang='lat' dir='ltr'>sepeliendos</span> <span class='ocrx_word' id='word_1_194' title='bbox 1157 2909 1217 2954; x_wconf 87' lang='lat' dir='ltr'>cn-</span> 
     </span>
     <span class='ocr_line' id='line_1_26' title="bbox 119 2989 1216 3073; baseline -0.002 -19"><span class='ocrx_word' id='word_1_195' title='bbox 119 2998 202 3055; x_wconf 81' lang='lat' dir='ltr'>rant.</span> <span class='ocrx_word' id='word_1_196' title='bbox 247 2990 332 3073; x_wconf 67' lang='lat' dir='ltr'>[aa]</span> <span class='ocrx_word' id='word_1_197' title='bbox 355 2989 510 3067; x_wconf 89' lang='lat' dir='ltr'>Hecuba,</span> <span class='ocrx_word' id='word_1_198' title='bbox 525 2997 648 3054; x_wconf 86' lang='lat' dir='ltr'>moesta</span> <span class='ocrx_word' id='word_1_199' title='bbox 664 2989 755 3073; x_wconf 86' lang='lat' dir='ltr'>quod</span> <span class='ocrx_word' id='word_1_200' title='bbox 777 2990 844 3055; x_wconf 85' lang='lat' dir='ltr'>duo</span> <span class='ocrx_word' id='word_1_201' title='bbox 868 2990 929 3055; x_wconf 86' lang='lat' dir='ltr'>filii</span> <span class='ocrx_word' id='word_1_202' title='bbox 951 2989 1024 3073; x_wconf 89' lang='lat' dir='ltr'>ejus</span> <span class='ocrx_word' id='word_1_203' title='bbox 1043 2990 1216 3055; x_wconf 84' lang='lat' dir='ltr'>fortissimi</span> 
     </span>
     <span class='ocr_line' id='line_1_27' title="bbox 122 3088 1215 3168; baseline -0.001 -15"><span class='ocrx_word' id='word_1_204' title='bbox 122 3090 255 3156; x_wconf 86' lang='lat' dir='ltr'>Hector</span> <span class='ocrx_word' id='word_1_205' title='bbox 270 3097 304 3155; x_wconf 91' lang='lat' dir='ltr'>et</span> <span class='ocrx_word' id='word_1_206' title='bbox 316 3090 448 3155; x_wconf 72' lang='lat' dir='ltr'>Troilum</span> <span class='ocrx_word' id='word_1_207' title='bbox 473 3092 516 3154; x_wconf 87' lang='lat' dir='ltr'>ab</span> <span class='ocrx_word' id='word_1_208' title='bbox 540 3088 676 3155; x_wconf 89' lang='lat' dir='ltr'>Achille</span> <span class='ocrx_word' id='word_1_209' title='bbox 701 3092 861 3157; x_wconf 83' lang='lat' dir='ltr'>interiecti</span> <span class='ocrx_word' id='word_1_210' title='bbox 890 3096 1012 3168; x_wconf 88' lang='lat' dir='ltr'>essent,</span> <span class='ocrx_word' id='word_1_211' title='bbox 1037 3089 1215 3153; x_wconf 88' lang='lat' dir='ltr'>consilium</span> 
     </span>
     <span class='ocr_line' id='line_1_28' title="bbox 120 3185 1214 3273; baseline -0.007 -17"><span class='ocrx_word' id='word_1_212' title='bbox 120 3192 287 3273; x_wconf 79' lang='lat' dir='ltr'>muliebre</span> <span class='ocrx_word' id='word_1_213' title='bbox 302 3192 508 3255; x_wconf 89' lang='lat' dir='ltr'>temerarium</span> <span class='ocrx_word' id='word_1_214' title='bbox 524 3191 599 3255; x_wconf 87' lang='lat' dir='ltr'>iniit</span> <span class='ocrx_word' id='word_1_215' title='bbox 617 3192 661 3256; x_wconf 87' lang='lat' dir='ltr'>ad</span> <span class='ocrx_word' id='word_1_216' title='bbox 686 3191 833 3257; x_wconf 89' lang='lat' dir='ltr'>dolorem</span> <span class='ocrx_word' id='word_1_217' title='bbox 858 3212 953 3255; x_wconf 84' lang='lat' dir='ltr'>suum</span> <span class='ocrx_word' id='word_1_218' title='bbox 975 3185 1214 3253; x_wconf 88' lang='lat' dir='ltr'>ulciscendum.</span> 
     </span>
     <span class='ocr_line' id='line_1_29' title="bbox 120 3290 1214 3370; baseline -0.004 -15"><span class='ocrx_word' id='word_1_219' title='bbox 120 3290 354 3355; x_wconf 74' lang='lat' dir='ltr'>Alexandrum</span> <span class='ocrx_word' id='word_1_220' title='bbox 368 3291 469 3355; x_wconf 87' lang='lat' dir='ltr'>tilium</span> <span class='ocrx_word' id='word_1_221' title='bbox 486 3292 634 3368; x_wconf 85' lang='lat' dir='ltr'>accersit,</span> <span class='ocrx_word' id='word_1_222' title='bbox 656 3299 740 3370; x_wconf 88' lang='lat' dir='ltr'>orat,</span> <span class='ocrx_word' id='word_1_223' title='bbox 764 3292 934 3369; x_wconf 87' lang='lat' dir='ltr'>bortatur,¹</span> <span class='ocrx_word' id='word_1_224' title='bbox 960 3297 1000 3352; x_wconf 91' lang='lat' dir='ltr'>ut</span> <span class='ocrx_word' id='word_1_225' title='bbox 1023 3307 1059 3351; x_wconf 90' lang='lat' dir='ltr'>se</span> <span class='ocrx_word' id='word_1_226' title='bbox 1082 3292 1114 3350; x_wconf 89' lang='lat' dir='ltr'>et</span> <span class='ocrx_word' id='word_1_227' title='bbox 1135 3303 1214 3351; x_wconf 88' lang='lat' dir='ltr'>suos</span> 
     </span>
    </p>
   </div>
   <div class='ocr_carea' id='block_1_5' title="bbox 146 3630 872 3696">
    <p class='ocr_par' dir='ltr' id='par_1_5' title="bbox 146 3630 872 3696">
     <span class='ocr_line' id='line_1_30' title="bbox 146 3630 872 3696; baseline -0.01 -12"><span class='ocrx_word' id='word_1_228' title='bbox 146 3632 278 3684; x_wconf 67' lang='lat' dir='ltr'>arrodat</span> <span class='ocrx_word' id='word_1_229' title='bbox 290 3631 430 3696; x_wconf 68' lang='lat' dir='ltr'>Delon—l</span> <span class='ocrx_word' id='word_1_230' title='bbox 450 3632 589 3683; x_wconf 84' lang='lat' dir='ltr'>omittitur</span> <span class='ocrx_word' id='word_1_231' title='bbox 600 3645 650 3681; x_wconf 80' lang='lat' dir='ltr'>vox</span> <span class='ocrx_word' id='word_1_232' title='bbox 660 3632 769 3681; x_wconf 73' lang='lat' dir='ltr'>intutas·</span> <span class='ocrx_word' id='word_1_233' title='bbox 779 3630 872 3694; x_wconf 75' lang='lat' dir='ltr'>Delpb.</span> 
     </span>
    </p>
   </div>
   <div class='ocr_carea' id='block_1_6' title="bbox 618 3829 725 3881">
    <p class='ocr_par' dir='ltr' id='par_1_6' title="bbox 618 3829 725 3881">
     <span class='ocr_line' id='line_1_31' title="bbox 618 3829 725 3881; baseline -0.009 0"><span class='ocrx_word' id='word_1_234' title='bbox 618 3829 725 3881; x_wconf 76' lang='lat' dir='ltr'>NOTAE</span> 
     </span>
    </p>
   </div>
   <div class='ocr_carea' id='block_1_7' title="bbox 106 3936 1212 4306">
    <p class='ocr_par' dir='ltr' id='par_1_7' title="bbox 114 3936 1212 4081">
     <span class='ocr_line' id='line_1_32' title="bbox 114 3936 1211 4007; baseline -0.004 -13"><span class='ocrx_word' id='word_1_235' title='bbox 114 3939 203 3995; x_wconf 69' lang='lat' dir='ltr'>aaut</span> <span class='ocrx_word' id='word_1_236' title='bbox 211 3936 238 3985; x_wconf 77' lang='lat' dir='ltr'>in</span> <span class='ocrx_word' id='word_1_237' title='bbox 249 3950 304 3986; x_wconf 72' lang='lat' dir='ltr'>um</span> <span class='ocrx_word' id='word_1_238' title='bbox 317 3938 372 3988; x_wconf 80' lang='lat' dir='ltr'>tela</span> <span class='ocrx_word' id='word_1_239' title='bbox 381 3939 498 4004; x_wconf 82' lang='lat' dir='ltr'>conjicit.</span> <span class='ocrx_word' id='word_1_240' title='bbox 586 3982 588 3986; x_wconf 26' lang='lat' dir='ltr'>v</span> <span class='ocrx_word' id='word_1_241' title='bbox 687 3943 773 3995; x_wconf 84' lang='lat' dir='ltr'>Aliter</span> <span class='ocrx_word' id='word_1_242' title='bbox 780 3944 856 4007; x_wconf 79' lang='lat' dir='ltr'>paulo</span> <span class='ocrx_word' id='word_1_243' title='bbox 867 3941 968 4005; x_wconf 79' lang='lat' dir='ltr'>Dictys,</span> <span class='ocrx_word' id='word_1_244' title='bbox 976 3953 1051 4004; x_wconf 84' lang='lat' dir='ltr'>quam</span> <span class='ocrx_word' id='word_1_245' title='bbox 1063 3938 1132 4003; x_wconf 83' lang='lat' dir='ltr'>ride,</span> <span class='ocrx_word' id='word_1_246' title='bbox 1138 3953 1174 3990; x_wconf 86' lang='lat' dir='ltr'>rr.</span> <span class='ocrx_word' id='word_1_247' title='bbox 1185 3944 1211 3990; x_wconf 78' lang='grc'>6.</span> 
     </span>
     <span class='ocr_line' id='line_1_33' title="bbox 149 4012 1212 4081; baseline -0.001 -16"><span class='ocrx_word' id='word_1_248' title='bbox 149 4023 171 4051; x_wconf 84' lang='lat'>¹¹</span> <span class='ocrx_word' id='word_1_249' title='bbox 190 4012 280 4063; x_wconf 73' lang='lat' dir='ltr'>Prodit</span> <span class='ocrx_word' id='word_1_250' title='bbox 296 4013 389 4064; x_wconf 67' lang='lat' dir='ltr'>boans</span> <span class='ocrx_word' id='word_1_251' title='bbox 404 4031 436 4066; x_wconf 76' lang='lat' dir='ltr'>ex</span> <span class='ocrx_word' id='word_1_252' title='bbox 451 4033 508 4081; x_wconf 78' lang='lat' dir='ltr'>equo</span> <span class='ocrx_word' id='word_1_253' title='bbox 521 4017 601 4081; x_wconf 75' lang='lat' dir='ltr'>latur]</span> <span class='ocrx_word' id='word_1_254' title='bbox 625 4019 649 4069; x_wconf 79' lang='lat' dir='ltr'><strong>E</strong></span> <span class='ocrx_word' id='word_1_255' title='bbox 718 4026 731 4053; x_wconf 78' lang='lat'><em>⁰</em></span> <span class='ocrx_word' id='word_1_256' title='bbox 752 4021 788 4068; x_wconf 78' lang='lat' dir='ltr'>Et</span> <span class='ocrx_word' id='word_1_257' title='bbox 806 4019 956 4068; x_wconf 69' lang='lat' dir='ltr'>Memnonem</span> <span class='ocrx_word' id='word_1_258' title='bbox 976 4015 1098 4081; x_wconf 68' lang='lat' dir='ltr'>mineo</span> <span class='ocrx_word' id='word_1_259' title='bbox 1112 4014 1212 4078; x_wconf 65' lang='lat' dir='ltr'>saror]</span> 
     </span>
    </p>

    <p class='ocr_par' dir='ltr' id='par_1_8' title="bbox 110 4090 1212 4158">
     <span class='ocr_line' id='line_1_34' title="bbox 110 4090 1212 4158; baseline -0.005 -14"><span class='ocrx_word' id='word_1_260' title='bbox 110 4105 201 4144; x_wconf 85' lang='lat' dir='ltr'>curru</span> <span class='ocrx_word' id='word_1_261' title='bbox 222 4101 347 4151; x_wconf 70' lang='lat' dir='ltr'>abruma</span> <span class='ocrx_word' id='word_1_262' title='bbox 364 4090 488 4154; x_wconf 83' lang='lat' dir='ltr'>Tr0ilum,</span> <span class='ocrx_word' id='word_1_263' title='bbox 504 4093 581 4143; x_wconf 81' lang='lat' dir='ltr'>docet</span> <span class='ocrx_word' id='word_1_264' title='bbox 591 4094 649 4143; x_wconf 82' lang='lat' dir='ltr'>Vir·</span> <span class='ocrx_word' id='word_1_265' title='bbox 688 4091 1212 4158; x_wconf 79' lang='lat' dir='ltr'>Dictysscribit,TrojaoororemrtiMem·</span> 
     </span>
    </p>

    <p class='ocr_par' dir='ltr' id='par_1_9' title="bbox 106 4160 1211 4306">
     <span class='ocr_line' id='line_1_35' title="bbox 106 4160 1211 4235; baseline -0.004 -18"><span class='ocrx_word' id='word_1_266' title='bbox 106 4168 157 4235; x_wconf 69' lang='lat' dir='ltr'>gil.</span> <span class='ocrx_word' id='word_1_267' title='bbox 178 4161 251 4226; x_wconf 75' lang='lat' dir='ltr'>Ejm</span> <span class='ocrx_word' id='word_1_268' title='bbox 261 4160 342 4212; x_wconf 71' lang='lat' dir='ltr'>locum</span> <span class='ocrx_word' id='word_1_269' title='bbox 354 4163 455 4213; x_wconf 71' lang='lat' dir='ltr'>vidend</span> <span class='ocrx_word' id='word_1_270' title='bbox 467 4165 612 4229; x_wconf 73' lang='lat' dir='ltr'>Dictynna.</span> <span class='ocrx_word' id='word_1_271' title='bbox 624 4172 647 4216; x_wconf 79' lang='lat'>9·</span> <span class='ocrx_word' id='word_1_272' title='bbox 688 4170 761 4219; x_wconf 81' lang='lat' dir='ltr'>nonis</span> <span class='ocrx_word' id='word_1_273' title='bbox 777 4168 898 4232; x_wconf 82' lang='lat' dir='ltr'>reliquiar</span> <span class='ocrx_word' id='word_1_274' title='bbox 915 4181 977 4216; x_wconf 79' lang='lat' dir='ltr'>urna</span> <span class='ocrx_word' id='word_1_275' title='bbox 991 4166 1107 4218; x_wconf 80' lang='lat' dir='ltr'>conditas</span> <span class='ocrx_word' id='word_1_276' title='bbox 1124 4165 1150 4215; x_wconf 90' lang='lat' dir='ltr'>in</span> <span class='ocrx_word' id='word_1_277' title='bbox 1166 4179 1211 4227; x_wconf 78' lang='lat' dir='ltr'>pa·</span> 
     </span>
     <span class='ocr_line' id='line_1_36' title="bbox 139 4240 1001 4306; baseline 0.002 -15"><span class='ocrx_word' id='word_1_278' title='bbox 139 4252 154 4279; x_wconf 79' lang='lat'>⁸</span> <span class='ocrx_word' id='word_1_279' title='bbox 171 4240 331 4293; x_wconf 69' lang='lat' dir='ltr'>mmm</span> <span class='ocrx_word' id='word_1_280' title='bbox 352 4240 433 4291; x_wconf 69' lang='lat' dir='ltr'>uuis</span> <span class='ocrx_word' id='word_1_281' title='bbox 452 4242 532 4306; x_wconf 69' lang='lat' dir='ltr'>pugio</span> <span class='ocrx_word' id='word_1_282' title='bbox 552 4241 649 4306; x_wconf 74' lang='lat' dir='ltr'>neritii]</span> <span class='ocrx_word' id='word_1_283' title='bbox 688 4245 764 4295; x_wconf 85' lang='lat' dir='ltr'>trium</span> <span class='ocrx_word' id='word_1_284' title='bbox 773 4244 853 4295; x_wconf 80' lang='lat' dir='ltr'>solum</span> <span class='ocrx_word' id='word_1_285' title='bbox 865 4243 1001 4295; x_wconf 78' lang='lat' dir='ltr'>remisisse.</span> 
     </span>
    </p>
   </div>
   <div class='ocr_carea' id='block_1_8' title="bbox 0 0 1508 4906">
    <p class='ocr_par' dir='ltr' id='par_1_10' title="bbox 0 0 1508 4906">
     <span class='ocr_line' id='line_1_37' title="bbox 0 0 1508 4906; baseline 0 4"><span class='ocrx_word' id='word_1_286' title='bbox 0 0 1508 4906; x_wconf 95' lang='lat' dir='ltr'> </span> 
     </span>
    </p>
   </div>
  </div>
 </body>
</html>
