3006 4906
416 465 464 511 nn
489 462 616 512 nxcro.
638 465 765 515 rausa
788 464 937 515 ursana.
1150 454 1215 519 aot

126 609 326 695 praedantur.
372 604 472 683 Quod
496 604 656 688 oppidani
678 625 752 670 cunr
767 606 941 683 vidissent,
963 608 1020 673 diu
1044 628 1215 692 pugnare·

128 717 203 775 runt
223 729 299 775 cunr
312 706 523 784 Alexandro,
548 726 590 771 ne
611 706 778 772 Helenam
796 710 920 792 eripere
945 706 1075 792 posset.
1118 710 1214 788 Quos

129 811 318 876 Alexander
340 808 447 873 fretus
473 807 681 873 multitudine
702 810 870 874 sociorum
895 812 1075 893 superavit,
1099 812 1214 877 fanum

128 913 337 997 exspoliarit,
358 909 511 973 homines
527 927 643 972 secum
658 911 918 992 quamplurimus
933 911 1087 993 captivos
1103 913 1212 991 duxit,

129 1015 277 1078 innavinr
293 1011 463 1094 imposuit,
477 1010 616 1074 classem
632 1010 885 1088 solvit‚domum
897 1012 1017 1076 reverti
1032 1011 1211 1096 disposuit,

127 1116 160 1178 in
174 1120 304 1197 portum
317 1110 484 1176 Tenedon
498 1109 674 1193 pervenit,l
689 1112 746 1176 ubi
756 1112 922 1177 Helenam
937 1118 1114 1177 near-0
1130 1114 1211 1178 allo·

123 1216 202 1297 quio
216 1210 412 1295 mitigavit,d
434 1212 523 1296 patri
546 1213 591 1276 rei
616 1219 717 1291 gestae
736 1214 885 1277 nuntium
902 1214 1004 1278 misit.
1050 1213 1207 1279 Menelao

124 1321 303 1398 postquam
328 1315 362 1377 in
383 1313 471 1396 Pylo
494 1314 680 1377 nuntiatum
701 1320 766 1389 est,
785 1333 860 1377 curn
886 1313 1030 1378 Nestora
1053 1314 1209 1396 Spartam

126 1415 296 1497 protectos
310 1421 374 1489 est,
389 1414 432 1478 ad
443 1412 730 1496 Agamemnonem
752 1415 883 1479 tratrem
905 1414 997 1479 misit
1011 1413 1136 1498 Argos,
1159 1436 1210 1480 ro·

124 1533 204 1596 gans
218 1523 254 1580 ut
267 1516 310 1579 ad
324 1535 360 1579 se
374 1516 497 1578 veniat.
539 1515 672 1580 Interea
685 1514 879 1581 Alexander
901 1517 944 1580 ad
966 1522 1093 1599 patrem
1111 1535 1208 1581 snum

121 1634 196 1677 cum
211 1615 325 1698 praeda
339 1615 502 1698 pervenit,
516 1621 548 1679 et
562 1617 610 1679 rei
627 1624 730 1697 gestas
744 1616 893 1681 ordinem
908 1616 1017 1681 refert.
1038 1615 1122 1701 [ll.]
1136 1617 1211 1682 Pri·

123 1734 217 1779 arnus
241 1717 380 1797 gavisus
404 1723 469 1792 est,
494 1734 630 1797 sperans
654 1715 792 1780 Grmoos
815 1735 921 1781 causa
945 1718 1209 1798 recuperationis
1311 1772 1317 1781 .

122 1815 268 1879 Helenae
291 1835 435 1880 sororem
460 1813 647 1880 Hesionam
668 1816 868 1892 reddituros,
882 1823 916 1881 et
937 1836 978 1880 ea
992 1837 1067 1900 qum
1090 1818 1167 1881 inde
1188 1838 1209 1881 a

121 1916 281 1999 Trojanis
306 1917 518 1981 abstulerant.
563 1917 731 1982 Helenam
748 1920 908 1982 moestam
928 1916 1122 1981 consolatus
1146 1926 1209 1991 eat,

122 2021 160 2080 et
174 2035 246 2080 eam
264 2016 450 2081 Alexandro
466 2018 640 2101 conjugem
655 2018 768 2084 dedit:
790 2038 892 2102 quam
916 2024 954 2083 ut
979 2020 1114 2101 aspexit
1127 2017 1208 2085 Cas·

121 2117 257 2194 sandra,
272 2118 446 2182 vaticinari
461 2121 576 2201 coepit,
590 2140 780 2184 memorans
793 2139 833 2183 ea
848 2138 925 2202 qum
942 2125 1019 2182 ante
1040 2119 1207 2202 praedixe·

118 2224 181 2282 rat.
225 2217 335 2296 Quam
352 2219 508 2282 Priamus
520 2219 665 2283 abstrahi
679 2226 714 2284 et
727 2219 853 2284 includi
873 2218 986 2299 jussit.
1030 2217 1208 2299 Agamem·

117 2338 192 2395 non,
214 2325 395 2401 postquam
415 2317 571 2399 Spartam
590 2320 695 2395 veuit,
715 2319 848 2381 tratrem
870 2318 1064 2382 consolatus
1089 2326 1150 2394 est,
1172 2328 1208 2382 et

118 2420 246 2501 placuit
260 2425 295 2482 nt
316 2439 375 2501 per
397 2424 500 2481 totam
516 2417 682 2484 Graeciam
698 2419 909 2500 conquesturi
935 2418 1139 2483 mitterentur
1164 2420 1207 2483 ad

117 2518 1093 2603 convocandosGraecos,etTrojanisbellumindicendum.
1116 2519 1206 2582 Con·

115 2630 277 2685 venerunt
291 2628 399 2685 autem
413 2619 467 2697 lai3
489 2615 638 2684 Achilles
654 2639 727 2683 cum
745 2618 915 2693 Patroclo,
933 2618 1108 2701 Euryalus,
1128 2619 1205 2685 Tle-

114 2721 291 2801 polemus:
309 2719 498 2784 Diomedes.
536 2717 720 2800 Postquam
736 2718 895 2800 Spartam
909 2727 1134 2796 accesserunt,
1147 2720 1206 2782 de·

110 2825 291 2886 creverunt
321 2820 460 2904 iujurias
488 2814 730 2901 Trojanorum‘
759 2820 928 2903 persequi,
956 2821 1141 2884 exercitum
1171 2826 1205 2883 ct

110 2921 257 2987 classem
272 2940 476 3004 comparare.
507 2919 786 3003 Agamemnonem
796 2921 1026 3003 imperatorem
1040 2927 1073 2984 ct
1088 2919 1203 2983 ducem

109 3023 315 3104 praeficiunt
360 3020 410 3084 Hi
434 3022 565 3102 legatos
580 3022 725 3098 mittunt,
748 3028 785 3083 ut
808 3027 879 3084 tota
894 3019 1030 3085 Graecia
1050 3019 1205 3082 conveni·

604 3247 713 3297 NOTAE

141 3393 155 3427 ὓ
171 3393 205 3442 1⁸
212 3397 308 3456 mn
319 3394 426 3443 Teredon
438 3391 557 3456 Μ]
579 3394 641 3443 Dic·
679 3405 759 3441 nares
771 3395 861 3438 secuta
869 3393 919 3448 ert,
930 3385 975 3436 red
984 3399 1041 3434 enm
1051 3382 1126 3433 Paris
1137 3381 1206 3431 lutra

103 3476 151 3533 tyr
169 3471 219 3528 nit,
229 3483 288 3518 ennr
305 3470 446 3519 inconsulte
463 3483 535 3518 osum
548 3470 642 3531 restis,
680 3479 757 3514 nares
769 3462 914 3526 lurpellenr,
925 3460 982 3509 rein
993 3457 1067 3520 lecit,
1076 3461 1125 3508 tro.

104 3545 263 3595 Phalcen
283 3544 423 3607 appulisse.
454 3543 522 3593 Vide
541 3543 578 3592 ibl
596 3558 641 3594 no·
711 3536 849 3600 raupta
857 3536 992 3599 minema]
1009 3533 1206 3595 Iderr,rolnrrrs

99 3628 168 3671 taln-
681 3624 735 3675 αις
753 3613 889 3676 alloquium
908 3610 975 3660 enim
990 3616 1031 3660 ert
1046 3610 1203 3661 connotatio:

133 3704 147 3730 θ
167 3693 476 3758 vanem-mam]
494 3693 641 3743 lnnnitlln·
681 3683 1108 3742 catullurrncnt‘nllocatlonern.’

99 3783 160 3830 m,
171 3768 421 3819 Bdenaminrirnm
440 3783 456 3819 n
472 3768 567 3819 Paride
582 3783 641 3832 rnp·
712 3764 894 3828 ’Μαίη
923 3762 1043 3812 Herculis
1064 3769 1091 3810 rt
1110 3759 1204 3823 Artyn-

100 3853 164 3894 ω·
185 3840 285 3903 inim
307 3842 378 3906 qood
397 3844 486 3893 etalii
504 3842 639 3893 scribunt:
680 3842 735 3892 clam
746 3841 822 3897 filiun,
832 3840 883 3888 dux
897 3837 1066 3888 Rhodiorum:
1092 3835 1204 3890 irenica,

99 3916 182 3968 nnde
201 3916 306 3966 Homeri
322 3918 526 3979 Scholinnten,in
543 3916 639 3979 Odyrr.
679 3917 765 3967 occiso
792 3913 924 3979 Lyelmnin
951 3911 1083 3960 Alcmena
1113 3906 1204 3970 fratre,

93 3999 133 4044 1.
161 3990 402 4043 reribitveoerem
420 3993 510 4041 Paridi
527 3992 640 4043 Menelai
680 3992 791 4055 patriam
817 3987 919 4052 fugiens
948 3983 1064 4033 ltlrodum
1095 3983 1205 4047 appulit,

93 4068 226 4119 sermm
239 4064 384 4123 decuma
400 4068 438 4115 ita
456 4067 581 4117 Helenam
593 4068 639 4117 de·
678 4080 787 4130 eamque
797 4063 847 4114 sibi
858 4061 979 4124 subjecit.
1043 4084 1046 4089 ·

88 4143 224 4209 umine.
246 4139 639 4203 lprnenlm,e1irtimnnrrere·
711 4141 842 4202 ‘intrarint
850 4134 1204 4198 vermandensium

89 4237 123 4273 nn
144 4234 216 4271 esse
238 4218 395 4283 Menelaum,
413 4230 508 4285 sponte
528 4234 585 4270 eum
607 4218 639 4269 ad
674 4216 850 4280 innisillarnr.
