3006 4906
406 411 455 457 ns
482 411 759 461 exornrnorn
784 410 932 461 nrsron.
985 395 990 407 '
1146 398 1211 465 299

115 562 296 637 rogaverat
317 553 422 629 misit,
441 555 499 634 qui
522 573 598 617 eum
622 553 693 616 suis
717 552 907 616 hominibus
931 570 1007 617 eum
1032 553 1210 631 venissent,

119 656 261 737 proiecti
282 656 415 718 suntin
442 653 638 737 Phrygiam:
661 660 696 717 et
718 651 761 716 ad
783 652 919 733 Sigeum
940 661 1039 717 noetu
1063 672 1211 718 neeesse·

121 762 205 819 runt
248 754 329 817 inde
345 752 522 827 Hercules,
543 753 716 829 Telamon,
737 758 771 816 et
784 751 908 815 Peleus
921 754 1104 817 exercitum
1120 774 1210 819 ena-

119 856 220 919 ribus
234 855 421 918 eduxerunt
434 876 442 917 :
457 856 514 937 qui
531 874 608 919 vero
622 853 780 937 praesidio
791 861 912 930 essent,
928 852 1113 930 Castorem,
1128 854 1209 918 Pol-

119 955 241 1032 lucem,
256 964 290 1019 et
304 955 505 1020 Nestoremp
519 956 736 1037 reliquerunt.
761 953 956 1017 Laomedon
972 971 1049 1017 curn
1063 956 1208 1034 equestri

119 1058 217 1138 copia
229 1056 272 1119 ad
287 1075 377 1119 mare
393 1056 494 1131 veuit,
510 1062 545 1118 et
560 1056 670 1137 coepit
685 1054 841 1137 puellari.
885 1053 1053 1118 Hercules
1069 1051 1112 1116 ad
1126 1050 1209 1117 Tro·

112 1156 182 1238 jam
196 1158 292 1232 ierat,
315 1164 352 1219 et
374 1155 599 1237 imprudentes
614 1155 673 1237 qui
698 1160 789 1218 erant
809 1154 842 1216 in
864 1153 991 1238 oppido
1018 1171 1209 1236 oppugnare

117 1260 229 1340 coepit.
274 1255 376 1336 Quod
390 1256 448 1319 ubi
460 1255 678 1318 Laomedonti
695 1255 764 1336 regi
775 1255 960 1318 nuntiatum
973 1257 1034 1324 est,
1044 1252 1209 1336 oppidum

117 1359 159 1420 ab
173 1359 329 1422 hostibus
343 1357 539 1439 oppugnari,
555 1355 657 1419 Ilium
674 1356 753 1419 ilico
767 1356 961 1418 reuertitur:
985 1359 1021 1416 et
1040 1353 1073 1416 in
1093 1353 1208 1416 itinere

119 1459 238 1521 obrius
254 1457 381 1522 Graecis
396 1458 515 1531 laetus.
528 1457 573 1520 ab
589 1455 735 1519 Hercule
750 1455 922 1519 occiditur.
966 1454 1127 1518 Telamon
1141 1453 1208 1536 pri·

115 1577 191 1621 mus
205 1556 388 1641 oppidumi
401 1556 504 1620 Ilium
519 1557 675 1620 intravit:
691 1555 747 1619 oui
763 1554 929 1619 Hercules
940 1555 1071 1620 virtutis
1085 1561 1207 1618 causa‘

116 1658 301 1722 Hesionam
324 1657 567 1745 laomedontis
588 1658 675 1739 regis
696 1656 799 1720 filiam
814 1655 903 1720 dono
920 1655 1022 1720 dedit.
1065 1655 1205 1718 heme-

116 1758 224 1822 doutis
237 1759 300 1823 filii
314 1760 371 1841 qui
387 1779 461 1829 uum
477 1778 516 1822 eo
530 1762 629 1823 erant
641 1757 844 1823 occiduntur.
878 1758 1035 1821 Priamus
1051 1757 1086 1818 iu
1101 1753 1205 1837 Phry·

115 1860 170 1940 gia
184 1866 279 1935 erat,⁸
300 1862 358 1922 ubi
372 1878 442 1923 eum
458 1860 652 1924 Laomedon
668 1858 741 1942 ejus
764 1864 859 1940 pater
874 1857 1033 1920 exercitui
1047 1853 1204 1938 praet'eee-

116 1965 176 2021 rat.
221 1960 386 2025 Hercules
404 1968 439 2025 et
454 1963 512 2044 qui
534 1982 609 2026 eum
634 1979 674 2024 eo
701 1963 855 2024 venerant
879 1957 1026 2041 praedam
1051 1972 1204 2035 magnam

114 2058 277 2137 fecerunt,
297 2069 333 2124 et
352 2063 396 2125 ad
423 2065 528 2126 naves
543 2063 811 2144 deportaverunt.
855 2058 939 2123 lude
955 2057 1088 2121 domurn
1104 2053 1204 2138 profi-

114 2159 197 2223 eisei
212 2161 433 2225 decreverunt.
461 2161 523 2245 [4.]
537 2161 697 2226 Telamon
709 2160 897 2224 Hesionam
913 2178 1027 2223 seeum
1038 2155 1203 2221 convexit.

57 2326 63 2333 ,
113 2259 192 2323 Ηοο
208 2262 267 2324 ubi
282 2260 415 2325 Priamo
437 2264 625 2327 nuntiatum
641 2269 706 2339 est,
725 2268 855 2345 patrem
871 2260 1033 2334 occisum,
1048 2258 1140 2321 eires
1154 2255 1204 2318 di·

111 2368 236 2443 reptos,
250 2363 395 2444 praedam
411 2369 574 2440 avectam,
596 2362 783 2427 Hesionam
805 2378 950 2423 sororem
971 2357 1059 2421 dono
1079 2356 1204 2431 datam
1281 2346 1290 2361 '

603 2542 712 2626 noun

142 2702 303 2763 temam,
320 2702 450 2763 emma,
463 2707 487 2751 et
503 2702 639 2766 Nestorem]
680 2707 800 2752 auctorea
820 2708 939 2751 metitus:
965 2713 1023 2748 nam
1040 2698 1083 2747 alii
1099 2697 1204 2748 cantab

110 2777 262 2840 Apollonos.
284 2779 375 2827 scribit
397 2778 500 2828 Oiclem
521 2779 639 2828 relictum
679 2777 936 2840 Herculecaptianm
947 2772 1043 2824 factum
1058 2780 1163 2824 uernat
1174 2780 1203 2822 et

109 2850 200 2908 saian,
212 2860 242 2900 ut
250 2866 329 2901 nauca
342 2859 481 2902 tutaretur.
679 2851 712 2901 ab
723 2851 839 2901 Hesiona
849 2864 935 2899 aurore
949 2849 1090 2898 liberatum.
1124 2847 1204 2911 Apol·

139 2935 151 2967 ⁸¹
162 2927 273 2975 Telum
279 2928 495 2991 primoppidata.
503 2929 554 2992 aa]
565 2928 638 2978 Idam
678 2928 760 2976 ledor.
769 2940 801 2975 rr.
834 2926 957 2989 Suspicor
968 2924 1016 2974 hoc
1026 2925 1140 2973 hanalaae
1149 2925 1203 2973 Da·

107 3001 290 3065 Apollodorus,
299 3015 331 3050 ιι.
342 3002 476 3065 additque,
484 3002 509 3051 id
522 3018 592 3066 tagra
601 3003 639 3052 t'e·
680 3009 761 3051 retem
772 3016 805 3051 ex
816 3001 894 3050 Hom·
906 2999 939 3049 ΙΙ.
949 3004 974 3049 Γ.
984 2999 1027 3047 ubi
1039 2999 1154 3047 Priamua
1164 2997 1203 3045 di·

106 3085 207 3126 cantero
227 3078 370 3127 Herculem
389 3086 461 3126 recta
473 3078 504 3126 ad
523 3078 638 3128 Telamo-
679 3076 831 3138 cit‚seolim
847 3077 872 3124 in
889 3075 1003 3138 Phrygia
1018 3083 1110 3122 contra
1127 3072 1202 3119 Ama-

106 3167 165 3202 neru
181 3153 311 3214 iaiaae,nt
328 3165 386 3200 enm
398 3153 548 3213 occiderem
569 3152 638 3218 quod
678 3166 753 3201 annas
775 3166 917 3215 pugnasset
943 3150 1001 3212 ejna
1022 3148 1101 3195 acrba
1121 3151 1201 3193 sunt:

107 3243 165 3277 cum
176 3229 300 3277 Telamon
313 3226 549 3284 animadvertisset,
561 3242 637 3292 prox·
673 3228 734 3285 'aaa
742 3226 780 3276 eal
789 3224 889 3289 Φρυγίην
896 3222 1020 3280 εἰσήλυθον
1026 3217 1203 3280 ducamur,

105 3307 174 3352 imos
182 3317 296 3366 quaeqae
305 3302 405 3366 lapidea
414 3304 535 3367 colligere
547 3318 637 3367 agssre-
672 3303 745 3352 Ἔνθα
754 3304 804 3351 wer
813 3299 943 3349 aialim
948 3296 1050 3360 emar,
1060 3292 1143 3355 aaa·
1154 3293 1202 3342 cle·

105 3379 189 3433 ἀίων,
216 3377 374 3441 Herculique
402 3376 522 3439 quidnam
547 3385 636 3440 ageret
674 3375 892 3440 nordmannorum
908 3376 1008 3438 'orpiea
1024 3371 1062 3422 sal
1079 3369 1203 3433 rutrum

105 3453 288 3514 percunctanti
307 3452 451 3514 respoudit,
467 3467 495 3501 ac
509 3467 579 3502 aram
591 3468 635 3502 cx·
675 3451 798 3512 ὰπιθέοω,
813 3450 846 3499 oi
860 3450 890 3511 la
901 3448 952 3498 ab?
971 3446 1132 3511 imparem
1150 3460 1205 3511 rap·

104 3528 188 3576 citare
199 3527 311 3577 Herculi
323 3523 468 3589 umatum,
479 3526 506 3575 id
517 3535 567 3589 eat,
579 3527 634 3591 pul·
675 3529 745 3590 ὄχθαι
757 3525 910 3589 Σαγγαρίοιο,
921 3524 967 3574 ital
980 3524 1029 3587 γὰρ
1039 3525 1101 3587 iydu
1111 3524 1202 3575 aneo·

103 3603 281 3652 carovicmrt.
307 3612 312 3623 ’
675 3599 1142 3669 ροςδὺνμπὰτοῖσινδλίχθην,Ἤμοτι
1157 3604 1201 3664 τῦ,

49 3724 54 3730 .
135 3679 341 3728 'Callicrates
351 3678 538 3742 mutam]
558 3679 637 3742 Apol·
676 3681 717 3730 tu
728 3679 801 3739 dator
810 3677 937 3741 Ἀμαζόνες
947 3676 1095 3741 medvana.
1126 3677 1201 3728 ‘Jam

102 3755 187 3805 luder.
213 3757 338 3815 τιλιμῦνι
346 3754 462 3817 lpmcioa
473 3754 584 3813 Ἡσιόνην
593 3756 639 3813 τὴν
677 3758 736 3807 olim
745 3758 884 3820 Phrygiam
897 3756 991 3805 intrari
1002 3753 1141 3811 vitiferaan
1150 3753 1202 3803 Ubi

103 3829 266 3887 madianea
290 3829 406 3895 Ματέρα
429 3831 515 3880 δίδωσι.
543 3831 637 3880 ‘Tale
678 3829 1203 3894 ridimultoaPlnygaaatrcnnoaequites,

103 3905 178 3954 moui
206 3906 335 3966 praetium
365 3908 468 3955 virtutis
497 3905 653 3955 Hesionam,
677 3908 792 3972 Populea
809 3906 887 3956 Otrei
904 3904 1203 3968 etMygdoniaaugoati.
1245 3940 1248 3945 .

102 3977 375 4029 Laomedontistiliurn
387 3980 477 4029 dedit!
676 3983 726 4034 Qui
740 3993 801 4031 tnnc
813 3981 946 4030 bellabunt
957 3978 989 4028 ad
999 3979 1068 4043 ripaa
1076 3978 1203 4041 drungarii,

135 4063 146 4086 ⁵
166 4054 497 4120 PrianaaiaPtryginerut]
515 4053 636 4104 Ablitiaae
676 4057 764 4121 Atqtte
781 4069 830 4119 ego
849 4053 981 4103 auxiliaria
1001 4053 1113 4101 existens
1132 4052 1200 4100 inter

99 4132 251 4191 Priamum,
276 4145 331 4181 euru
352 4133 455 4195 'frojam
478 4134 637 4194 expugnarit
676 4147 720 4182 eoa
735 4139 884 4182 numeratus
899 4130 947 4191 fui,
965 4130 1018 4180 Dic
1035 4129 1080 4179 illo
1097 4127 1200 4192 quaudo
1294 4156 1297 4162 ·

99 4208 246 4271 Hercules,
266 4207 331 4257 dicit
349 4210 447 4269 Dares,
465 4208 553 4257 neacio
573 4222 635 4271 quoa
677 4215 800 4256 venerunt
812 4205 952 4254 Amazonas
964 4202 1109 4268 viragines?
1193 4236 1198 4251 .
