3034 4928
525 843 532 849 '
671 836 817 914 LUD.
857 834 1046 914 SMlDS

538 1047 798 1140 SCENA
845 1043 1182 1152 TROICA3

696 1312 778 1364 stvit
793 1310 1026 1375 TABULARUM,

359 1484 566 1553 DlC'l'YOS
590 1484 851 1551 CRETENSIS
875 1484 940 1550 DE
961 1481 1114 1549 BELLO
1134 1479 1364 1548 reomao

397 1660 516 1713 uuam
532 1660 790 1724 APPBNSARUM,
804 1659 1008 1713 succmcrs
1023 1656 1327 1713 transmarino,

644 1928 652 1939 ,
722 1878 993 1923 a
1098 1924 1101 1929 ,

627 2085 853 2195 ussum
887 2085 1086 2211 Purus.

724 2262 755 2326 I·
778 2260 979 2329 ATREUS.

705 2396 785 2459 Lre.
802 2411 827 2457 ι.
860 2372 999 2459 Gaml.

319 2523 390 2589 ‘Hi
404 2545 470 2589 nou
482 2526 678 2607 Plisthenis,
693 2532 843 2601 sterant,
851 2526 959 2608 magis
972 2546 1074 2610 quam
1086 2525 1179 2592 Atrei
1190 2524 1410 2593 dicebantur:

360 2655 500 2732 Neues
516 2656 677 2737 Menelai,
692 2658 791 2742 cujus
805 2676 890 2722 uxor
912 2657 1057 2731 Helena,
1070 2657 1207 2743 Trojani
1226 2659 1309 2723 belli
1327 2658 1411 2741 puk

315 2755 477 2822 ehermma
489 2775 605 2836 eausa,
628 2779 737 2844 neque
759 2756 1030 2840 Agamemnonis,
1044 2746 1102 2844 qui
1122 2760 1157 2825 iu
1178 2758 1327 2842 Trojme
1339 2758 1411 2825 hae

315 2856 533 2939 expeditione·
544 2878 605 2925 rex
626 2878 750 2943 regum,
764 2861 836 2925 sive
858 2859 893 2923 in
918 2857 1078 2937 Numme,
1093 2861 1166 2924 sive
1187 2860 1221 2925 iu
1236 2857 1411 2924 Marmore

316 2964 492 3024 assumunt
505 2959 630 3025 ieeues.
652 2960 783 3027 Horum
797 2960 897 3042 igitur
910 2960 1017 3027 vicem
1026 2960 1082 3026 liic
1089 2959 1258 3045 supplebit
1269 2956 1412 3035 Atreus,

315 3058 501 3142 utriusque,
516 3060 617 3126 veluti
640 3062 773 3145 plurimi
787 3060 917 3137 velunt,
931 3069 1039 3143 pater.
1082 3059 1193 3126 Notus
1215 3059 1272 3125 ille
1294 3077 1338 3123 ex
1364 3058 1412 3127 L.

312 3156 403 3227 Anu.
418 3159 556 3226 Seneeoe
573 3161 707 3227 sublimi
729 3162 895 3241 dramate3
917 3160 1098 3246 Thyestem
1120 3160 1251 3225 fratrem
1272 3158 1411 3237 fallens,

313 3265 348 3327 et
368 3260 404 3327 iu
433 3261 542 3345 ipsius
561 3260 689 3329 liberes
710 3268 831 3346 eaptus
850 3261 1022 3345 savium
1043 3260 1128 3326 terro
1151 3278 1212 3325 ees
1239 3266 1412 3325 mensum-

313 3360 447 3441 beraus,
460 3362 606 3429 membra
618 3362 787 3443 lacerans,
798 3378 948 3445 aequem
962 3366 996 3425 et
1008 3359 1181 3447 epulanda
1193 3358 1281 3444 patri
1293 3377 1413 3442 appo-

316 3478 409 3525 neus.

357 3559 477 3623 Status
503 3560 577 3626 heac
603 3565 744 3629 cernitur
763 3563 799 3626 in
825 3563 957 3628 sedibus
994 3562 1241 3639 Femesiorum‚
1271 3559 1410 3629 Roma

313 3657 442 3726 Volunt
463 3677 542 3722 vero
562 3660 692 3725 Perrier
716 3665 883 3747 ceterique
906 3683 1032 3740 omues,
1058 3664 1118 3747 qui
1145 3662 1231 3727 hene
1257 3660 1412 3740 edidere,

311 3775 389 3821 esse
404 3755 582 3822 Commodi
596 3758 822 3842 Imperatoris,
832 3782 951 3846 nempe
959 3763 1165 3847 gladiatoris.
1209 3761 1279 3827 Hie
1292 3768 1412 3827 eutem

313 3877 404 3943 puer,
419 3858 539 3924 dextre
560 3860 644 3943 pede
667 3862 876 3927 atrocissime
891 3871 1055 3948 arreptus,
1070 3865 1105 3928 iu
1118 3881 1218 3947 quem
1231 3879 1411 3944 nunquam

311 3952 416 4023 etiam
440 3958 665 4027 ferocissimus
687 3962 850 4044 gladiator
870 3967 989 4031 saeviit.
1032 3962 1146 4042 Quare
1172 3961 1253 4026 milri
1274 3961 1412 4044 petius,

313 4057 420 4122 veluti
434 4060 502 4142 ipsi
515 4080 651 4145 quoque
665 4061 849 4135 Gronovio,
864 4084 883 4128 e
899 4065 1007 4130 tribus
1019 4065 1135 4130 liberis
1148 4083 1246 4140 unus,
1269 4061 1414 4145 ecujus

312 4158 408 4224 cade
423 4158 594 4243 perfidiam
607 4164 710 4247 patris
723 4161 891 4231 uindicare
905 4165 1093 4250 aggreditur
1106 4164 1238 4230 Atreus.
