3034 4928
375 398 427 446 nn
449 395 629 445 arandara
654 398 762 447 nsunt
787 400 961 450 naoraar.
1165 392 1206 455 rt

110 561 180 606 sno
196 540 293 624 operi
305 540 524 624 praescripsit,
538 559 684 624 eumque
699 539 797 605 inxit
817 541 986 610 Idomenei
1000 543 1206 612 Cretensium

112 643 223 724 reguli
236 641 339 706 fuisse
360 642 514 707 comitem
537 643 572 705 in
592 641 806 724 expeditione
826 662 848 706 a
861 641 991 708 Graecis
1012 645 1045 709 in
1067 644 1206 729 Trojam

115 749 287 825 suscepta
329 741 377 808 Ut
386 761 466 807 vero
476 762 560 826 opus
573 743 638 807 boc
652 751 720 807 tarn
732 746 886 826 specioso
897 746 1028 809 nomine
1043 754 1205 825 ornatum,

115 845 217 908 etiam
232 850 362 909 mtatem
378 844 510 927 antiqui
535 843 623 908 adeo
644 844 793 908 auctoris
815 844 901 927 ipsis
915 846 1021 911 uoluti
1033 847 1141 911 oculis
1157 849 1206 910 in·

116 952 251 1025 gereret,
259 945 401 1029 scripsit
411 944 497 1010 illud
511 945 631 1009 ‘literis
642 943 804 1023 Punicis,'
810 945 926 1029 quales
932 953 1009 1011 tunc
1020 955 1111 1012 mant
1125 946 1205 1013 Poe-

114 1046 168 1108 nis
182 1044 216 1109 in
231 1064 309 1122 usn,
325 1052 360 1111 et
374 1045 531 1128 qualibus
542 1044 698 1110 credebat
708 1047 957 1129 antiquissimos
972 1047 1113 1113 Grecos
1123 1050 1204 1113 olim

114 1138 205 1224 usos,
217 1148 304 1229 qnia
318 1146 395 1209 illos
406 1144 523 1209 literas
538 1164 584 1209 ex
594 1143 769 1210 Pboenicia
784 1165 843 1230 per
854 1146 1017 1212 Cadmum
1031 1151 1207 1234 accepisse

114 1251 220 1323 noret,
229 1246 313 1310 licet
326 1243 467 1310 Punice
481 1243 664 1309 Neroniani
675 1247 834 1329 temporis
846 1246 953 1313 literae
963 1248 1102 1314 multum
1117 1249 1207 1315 baud

117 1346 218 1411 dubie
243 1352 381 1411 mutatae
401 1346 475 1428 jam
498 1352 607 1410 essent
623 1347 668 1410 ab
686 1347 764 1425 illis,
791 1367 874 1431 quas
895 1348 973 1412 olim
1000 1348 1148 1415 Cadmus
1170 1352 1206 1416 in

116 1446 287 1513 Graecium
307 1446 472 1512 intulerat
516 1446 683 1512 Proeterea
704 1448 841 1530 scripsit
859 1448 942 1514 illud
963 1450 999 1513 in
1023 1450 1208 1535 ‘Pbilyris,'

116 1568 176 1614 sen
202 1555 213 1587 ‘
225 1548 345 1626 Titiis:
367 1550 431 1614 boc
458 1555 519 1627 est,
542 1549 596 1613 vel
620 1550 653 1613 in
673 1549 809 1613 tabellis
830 1549 983 1629 tiliuceis,
1005 1551 1046 1615 do
1066 1570 1204 1634 quarum

117 1650 254 1733 antiqno
269 1658 304 1715 et
317 1650 486 1733 frequenti
507 1670 569 1715 usu
590 1657 666 1714 aute
685 1651 847 1713 inuentam
862 1671 1023 1735 papyrum
1043 1660 1079 1717 et
1101 1674 1204 1721 mern·

115 1751 250 1816 branam
263 1770 511 1834 pergamenam,
525 1753 652 1833 egimus
666 1751 709 1815 ad
721 1751 900 1826 AEliauum,
915 1750 999 1818 Var.
1015 1754 1105 1819 Hist.
1122 1772 1205 1822 xrv.

116 1851 169 1918 12
213 1849 279 1915 Vel
294 1851 328 1915 in
340 1851 566 1916 voluminibus
581 1871 627 1915 ex
640 1853 740 1929 libro,
754 1872 811 1915 sen
828 1853 982 1917 interiore
997 1855 1109 1920 tunica
1120 1858 1206 1925 iuter

119 1955 273 2018 corticem
288 1961 326 2018 et
339 1952 462 2036 lignum
483 1952 577 2028 tiliae,
591 1951 755 2029 formatis,
769 1953 802 2015 in
814 1953 938 2035 quibus
950 1959 984 2018 et
998 1955 1086 2036 ipsis
1101 1960 1205 2041 scrip.

120 2062 235 2118 serunt
244 2055 300 2119 rel
319 2055 466 2119 maxime
482 2052 723 2134 antiquissimis
743 2054 963 2135 temporibus.
1007 2052 1098 2122 Vide
1113 2056 1205 2123 Vos·

122 2154 209 2218 sium
225 2154 267 2218 de
281 2154 361 2219 Arte
375 2154 559 2220 Grammat
576 2170 601 2218 r.
611 2154 666 2220 36.
695 2153 849 2236 Denique
860 2154 955 2219 finxit
969 2157 1123 2223 inventos
1131 2178 1205 2223 esse

118 2254 183 2320 bos
195 2255 324 2319 libellos
346 2255 382 2319 in
406 2255 562 2337 sepulcro
584 2253 676 2317 illius
698 2253 856 2336 Dictyos,
869 2255 958 2335 quod
987 2262 1081 2319 terras
1104 2262 1207 2333 motu,

124 2373 227 2436 quem
248 2365 392 2418 senserat
415 2361 491 2417 tunc
514 2352 624 2429 Creta,
647 2351 831 2433 collapsum
860 2356 892 2414 et
917 2359 1068 2435 apertum
1096 2352 1207 2421 fuerit.

123 2453 249 2537 Neque
260 2463 428 2519 caruerunt
442 2472 597 2519 successu
621 2472 684 2517 suo
704 2451 755 2516 bae
772 2456 859 2517 urtes
878 2461 914 2518 et
937 2452 1086 2533 fraudes,
1101 2456 1206 2540 siqui-

121 2556 196 2621 dem
215 2576 281 2620 uon
304 2556 376 2640 ipse
397 2563 524 2620 tantum
555 2555 680 2619 Praxis
704 2555 840 2619 unctius
864 2555 907 2618 ab
932 2553 1068 2620 Caesare
1091 2559 1205 2626 retulit

119 2665 233 2740 ceput,
247 2657 306 2722 sed
322 2665 357 2722 et
372 2657 560 2740 ipsumhoc
574 2674 661 2739 opus
675 2655 776 2720 literis
791 2652 922 2719 Graecis
936 2674 995 2719 sou
1009 2653 1134 2722 Atticis
1148 2659 1205 2722 de·

117 2760 286 2842 scriptum,
303 2767 458 2842 tanquam
473 2756 650 2838 genuinum
675 2753 832 2837 ‘antiqui
851 2754 939 2831 Viri,
961 2754 1019 2837 qui
1042 2756 1130 2838 apud
1146 2757 1204 2821 Ili-

117 2880 171 2923 um
193 2860 308 2938 suerat,
333 2858 605 2933 monumentum,’
630 2857 663 2920 in
680 2855 848 2938 publicam
866 2861 946 2919 tunc
961 2855 1025 2919 fuit
1038 2865 1203 2940 receptum

117 2959 369 3037 Bibliothecam,
383 2966 416 3022 et
429 2960 480 3024 ita
500 2957 674 3039 vulgatum
695 2957 864 3039 deinceps,
880 2964 917 3019 ut
930 2955 1046 3022 Graeci
1066 2958 1204 3023 multon

118 3081 158 3126 eo
169 3061 296 3127 inerint
309 3062 375 3136 usi,
394 3064 429 3124 et
449 3078 511 3141 pro
533 3078 610 3122 vero
626 3056 849 3141 antiquissimi
872 3055 1016 3140 Dictyos
1031 3057 1206 3123 habuerint

117 3164 209 3235 loetu,
231 3162 332 3236 unde,
346 3170 387 3225 ut
400 3163 447 3226 ait
473 3159 638 3243 Prologus
653 3159 785 3243 Operis,
812 3159 943 3222 ‘verior
962 3155 1099 3240 Trojani
1127 3158 1206 3222 belli

118 3271 229 3328 textus
244 3260 445 3328 innotuerit!

159 3380 262 3429 xxx.
286 3364 361 3429 Nec
374 3364 481 3427 minus
495 3361 671 3444 magnifice
687 3362 729 3427 de
747 3381 790 3425 eo
812 3357 923 3422 sensit
937 3353 1133 3437 Septimius,
1148 3357 1205 3437 qui

119 3463 422 3543 idcircu‘aridns,'
437 3466 546 3542 nteit,
571 3469 678 3529 ‘verae
700 3459 868 3527 historioe’
890 3457 971 3522 illud
994 3454 1112 3522 latine
1134 3477 1206 3521 ver-

117 3586 193 3633 sum
207 3586 272 3631 suo
296 3569 383 3651 stylo
404 3567 583 3651 explicuit,
597 3567 628 3630 si
652 3564 738 3628 iides
763 3559 927 3643 Epistolm
951 3559 1027 3624 huic
1049 3556 1206 3623 Versioni

115 3669 303 3751 premissae
319 3678 373 3732 est
385 3667 546 3732 habende.
592 3666 675 3730 Eam
692 3683 772 3728 vero
786 3663 924 3745 derogat
947 3661 996 3726 illi
1024 3659 1047 3724 J
1049 3678 1099 3723 os.
1115 3656 1207 3723 Mor-

115 3789 219 3848 uerus,
246 3788 391 3853 eamque
406 3767 597 3853 Epistolam
619 3761 796 3830 ‘omnino’
817 3764 957 3828 affirmat
978 3761 1118 3844 ‘nuperi
1132 3779 1218 3859 esse·

116 3880 152 3935 et
165 3872 309 3954 imperiti
325 3868 601 3946 Grammaticnli,'
615 3889 703 3946 cum,
714 3866 803 3951 quud
817 3865 860 3929 ad
877 3866 1015 3929 alteram
1029 3860 1207 3926 Praefatio·

116 3992 277 4051 nem‚seu
303 3973 499 4054 Prologum,
514 3992 578 4035 non
604 3970 742 4047 dubitet,
757 3967 838 4049 quin
858 3966 904 4029 sit
928 3961 1068 4045 abipso
1093 3961 1206 4043 operis

112 4077 291 4157 scriptore,
309 4094 405 4156 quenr
430 4073 466 4137 id
490 4092 577 4156 opus
600 4090 667 4134 non
687 4088 733 4135 ex
746 4066 872 4132 Graeuo
899 4063 1050 4139 vertisse,
1064 4062 1124 4127 sed
1140 4063 1206 4126 Lu·

112 4178 177 4241 tino
193 4193 352 4241 sermone
365 4172 604 4256 composuisse
616 4168 797 4234 contendit.
819 4162 1064 4231 Posteriusboc
1076 4156 1207 4227 abunde'
