3006 4906
312 391 378 460 324
682 378 847 452 nlusrrs
870 399 1032 451 eurem

313 550 471 616 ditionem
487 543 679 613 Palamedis
693 549 816 611 narrat.
859 543 916 610 Illi
930 544 1070 609 moleste
1083 545 1204 612 ierunt.
1234 545 1383 630 Agonen

310 668 379 715 non
401 648 485 714 dicit
507 666 545 711 se
571 646 711 711 moleste
731 664 801 710 uon
823 644 918 724 serre,
945 663 1010 709 sua
1023 645 1203 713 uoluntate
1225 648 1261 712 id
1279 647 1383 711 saeba

311 770 395 816 esse.
439 749 570 814 Interea
583 746 784 812 Palamedes
797 764 901 809 naues
914 746 1168 828 comparandas
1177 754 1283 825 curat,
1291 754 1385 812 matre

311 851 578 928 muuittmnbus
592 847 788 917 circumdat.
811 846 948 930 Trojani
960 847 1147 912 exercitum
1155 855 1385 923 exercentne-

312 971 386 1016 rum
400 951 575 1033 diligenter
593 949 789 1025 resaroiunt,
811 946 935 1024 fossas,
956 955 993 1011 et
1007 947 1133 1015 vallum
1148 949 1318 1030 diligenter
1336 946 1385 1011 ad-

312 1050 407 1130 dunt,
420 1056 596 1135 ceteraque
610 1054 823 1133 componunt.
866 1047 948 1133 [22]
970 1047 1153 1132 Postquam
1164 1048 1236 1114 dies
1247 1049 1323 1112 anui
1334 1065 1384 1110 ve·

312 1153 364 1217 uit
375 1172 445 1236 qno
459 1152 589 1216 Hector
602 1151 755 1234 sepultus
767 1155 829 1227 est,
849 1148 1004 1214 Priamus
1019 1154 1055 1213 et
1069 1150 1206 1215 Hecuba
1217 1157 1249 1213 et
1263 1149 1382 1231 Polyx-

314 1273 387 1330 ena,
402 1254 568 1337 ceterique
590 1252 743 1336 Trojani,
763 1250 807 1314 ad
828 1250 1020 1334 sepulcrum
1042 1250 1115 1333 ejus
1139 1250 1267 1334 proiecti
1284 1255 1379 1313 suut}³

314 1353 450 1433 Quibus
466 1354 587 1419 obrius
601 1353 639 1417 et
651 1351 813 1427 Achilles,
827 1350 1035 1435 Polyxenam
1057 1352 1300 1435 contemplatur,
1319 1349 1383 1431 figit

313 1456 469 1533 murum,
492 1473 603 1519 amare
617 1473 691 1518 eam
705 1454 911 1518 vehementer
933 1453 1050 1535 eoepit.
1093 1452 1191 1517 Tune
1204 1452 1311 1517 ardore
1327 1452 1384 1514 im·

313 1553 445 1636 pulsus,
459 1554 612 1618 odiosam
627 1554 727 1617 vitam
742 1553 777 1617 in
797 1571 1125 1618 amoreoonsnmere
1138 1555 1289 1637 crepitet
1299 1569 1380 1633 egre

312 1654 437 1719 terebat
451 1653 620 1719 ademtum
635 1655 810 1737 imperium
824 1653 1077 1737 Agamemnoni,
1099 1655 1225 1738 sibique
1237 1653 1380 1718 Palame-

314 1757 388 1821 dem
404 1757 635 1838 praepositum.
671 1756 794 1821 Amore
809 1762 961 1837 cogente,
973 1756 1123 1841 Phrygio
1136 1776 1227 1821 serre
1239 1754 1377 1819 fidelissi·

313 1876 370 1921 mo
384 1857 541 1922 mandata
555 1858 615 1921 dat
627 1857 763 1922 serenda
778 1858 822 1921 ad
839 1857 1036 1923 Hecubam:
1058 1865 1093 1922 et
1114 1860 1158 1921 ab
1179 1877 1219 1921 ea
1237 1855 1298 1920 sibi
1306 1874 1380 1919 uuo-

314 1977 386 2023 rem
399 1959 529 2041 poscit:
549 1959 614 2023 hoe
629 1960 658 2022 si
673 1957 802 2036 iecerit,
817 1979 856 2024 se
870 1974 946 2023 oum
961 1959 1034 2023 suis
1054 1957 1312 2041 Myrmidonibus
1330 1955 1381 2018 do

314 2078 404 2124 mum
418 2058 610 2124 rediturum.
654 2056 755 2136 Quod
769 2078 845 2123 oum
862 2061 937 2142 ipse
958 2059 1082 2135 iecerit,
1101 2067 1228 2122 ceteros
1242 2062 1383 2141 quoque⁴

314 2158 403 2223 idem
428 2159 586 2224 facturos.
630 2159 754 2224 Seruus
777 2158 1014 2241 proficiscitur,
1040 2158 1084 2222 ad
1109 2156 1284 2221 Hecubam
1298 2156 1383 2229 venit

314 2259 475 2325 mandata
488 2260 589 2327 dicit:
612 2258 759 2324 Hecuba
772 2257 944 2342 respoudit
959 2277 996 2322 se
1010 2257 1110 2334 velle,
1132 2257 1190 2321 sed
1211 2258 1242 2321 si
1262 2256 1382 2321 Priamo

314 2359 467 2425 virosae
488 2362 641 2444 placeat:
664 2358 744 2423 dum
765 2358 842 2442 ipsa
862 2377 938 2423 cum
959 2357 1095 2424 Priamo
1109 2364 1196 2440 aget,
1215 2375 1324 2422 servus
1339 2374 1383 2418 re-

314 2461 400 2524 verti
409 2461 565 2542 jubetur:
589 2479 705 2525 seruus
720 2460 810 2543 quod
837 2459 963 2541 egisset
983 2459 1108 2524 Achilli
1128 2459 1269 2524 nuntiet.
1307 2456 1385 2538 Agr·

313 2577 466 2623 memnon
480 2578 557 2624 cum
571 2579 691 2642 magno
706 2567 893 2625 commeatu
905 2551 956 2626 ad
978 2540 1091 2625 castra
1104 2563 1281 2626 revertitur.
1321 2557 1382 2621 He

316 2656 405 2721 cuba
420 2676 495 2721 cum
511 2657 647 2723 Priamo
662 2659 704 2724 da
719 2660 913 2726 conditione
927 2658 1068 2726 Achillis
1078 2669 1093 2695 '
1106 2662 1262 2744 loquitur.
1300 2659 1383 2722 Pria·

312 2772 386 2818 mus
400 2755 585 2836 respondit,
598 2754 670 2820 fieri
685 2775 752 2821 uon
768 2778 888 2841 posse:
909 2779 976 2825 nou
998 2760 1073 2825 ideo
1089 2761 1182 2844 quod
1201 2781 1270 2826 eum
1286 2756 1379 2822 odini·

311 2862 382 2919 tate
395 2852 562 2938 iudignum
577 2857 769 2940 existimet3
791 2860 851 2924 sed
867 2862 897 2925 si
912 2862 944 2925 ei
957 2860 1097 2939 dederit,
1118 2871 1156 2927 et
1175 2863 1249 2927 ille5
1267 2860 1382 2923 disces·

313 2955 401 3033 serit,
416 2960 547 3022 eeteros
563 2977 630 3022 nou
644 2958 875 3025 discessurosz
891 2967 925 3026 et
935 2962 1085 3044 iniquum
1096 2983 1184 3041 esse,
1194 2963 1381 3026 timeum

313 3056 402 3119 bosti
411 3055 563 3139 jungere.
606 3058 821 3143 Quapropter
835 3062 865 3125 si
880 3061 916 3126 id
929 3062 1002 3127 fieri
1016 3063 1128 3142 vellet,
1149 3082 1219 3147 pax
1231 3066 1382 3146 perpetu&

313 3154 384 3232 liat,
397 3164 432 3220 et
445 3160 612 3225 exereitus
627 3159 795 3238 discedat,
808 3158 944 3226 foederis
963 3162 1042 3246 jura
1063 3165 1263 3229 sauciantur.
1301 3160 1335 3224 Si
1348 3156 1383 3221 id

316 3257 443 3322 foetum
459 3259 513 3336 sit,
527 3279 564 3324 se
577 3259 610 3324 ei
624 3259 762 3324 libenter
782 3258 886 3325 filium
902 3261 1066 3328 daturum.
1111 3264 1230 3349 Itaque
1243 3282 1315 3328 cum
1325 3277 1386 3324 set·

312 3375 376 3422 vus
391 3359 435 3425 ad
451 3359 627 3426 Hecubam
648 3360 770 3426 mbsos
792 3366 882 3426 esset
901 3363 945 3427 ab
964 3360 1103 3443 Achille,
1126 3365 1240 3431 eadem
1250 3360 1387 3430 Hecuba

764 3556 942 3579 eumenen

344 3684 360 3729 t
378 3680 517 3743 cesosque
530 3685 670 3750 Deba-⁶
687 3686 981 3755 omittiturt‘lleDeiptr.

801 3880 910 3932 NOTAE

344 3986 412 4037 'Ad
431 3992 562 4051 repetesis
579 3990 630 4052 n'ss
647 3990 749 4055 premi
767 3994 835 4059 nat]
907 3994 1242 4061 'namnetim
1270 3993 1391 4057 Hieprr·

312 4058 384 4110 Nota
404 4074 517 4113 merem:
534 4079 601 4115 sune
617 4062 741 4117 redeunte
753 4074 781 4118 et
791 4083 834 4119 ee·
874 4070 1065 4134 prieloqnttnr,
1075 4065 1389 4131 tentamentum*

311 4130 468 4185 demdiesd
480 4139 730 4203 mortuisepoterum
741 4155 833 4194 conre-
872 4142 974 4194 Achille
985 4144 1082 4195 obluta.
1114 4144 1389 4203 Condittosutupm-

312 4208 393 4261 retunt.
871 4219 980 4283 prteest
991 4220 1109 4286 quadsm
1119 4220 1268 4284 nuptiaru-
1278 4215 1366 4281 νκῑῑο-
1469 4256 1471 4283 .
