3006 4906
268 416 276 427 ¹
310 405 375 472 ωε
681 413 842 463 nannum
866 410 1026 462 aaaron

310 558 451 626 eundem
466 555 747 641 Agamemnonem
760 555 899 621 minima
911 576 987 621 cnm
1002 555 1177 622 discordia
1190 559 1258 623 fieri
1280 578 1362 642 poue.

311 665 397 729 ltem
412 663 659 737 commemorat,
675 658 768 742 qnod
782 658 859 722 dum
880 659 910 722 ia
934 676 1085 721 summus
1107 659 1366 741 imperatorcsset,

311 784 367 829 ren
382 781 541 847 prospero
556 768 661 842 gestae
670 760 749 836 nint,
758 765 793 824 et
802 759 887 822 natio
901 757 1032 822 felicem
1042 760 1225 823 exercitum
1235 759 1366 823 suissezsi

313 865 370 930 cni
385 862 466 947 qnid
481 860 573 925 alind
588 860 751 936 videatur,
765 858 875 923 dicere
890 857 1023 922 suadet.
1057 857 1184 923 Omnes
1197 860 1366 935 assentiunt3

311 964 593 1045 Agamemnonem
606 978 771 1025 summum
785 958 1022 1039 imperatorem
1038 958 1229 1041 praeficiunt
1249 960 1367 1024 Postera

313 1064 368 1128 die
378 1062 515 1145 Trojani
529 1060 715 1145 ex-oppido
728 1060 801 1125 laeti
813 1061 850 1123 in
858 1061 967 1124 aciem
975 1060 1147 1143 prodeunt
1169 1059 1367 1143 Agamemnon

312 1168 427 1229 ooutra
441 1164 622 1228 exercitum
638 1162 768 1227 educit:
789 1161 907 1244 proelio
928 1162 1111 1225 commisso
1126 1167 1247 1244 uterque
1258 1160 1366 1223 exerci-

312 1273 368 1330 tuo
382 1267 469 1330 inter
482 1263 695 1346 satagantur.
738 1261 925 1345 Postquam
940 1264 1048 1347 major
1070 1282 1152 1345 pars
1166 1263 1225 1326 diei
1246 1262 1365 1337 uanaiit,

313 1364 463 1448 procedit
478 1365 511 1428 in
524 1365 640 1447 primis
652 1364 803 1440 Troilon,
819 1363 933 1441 caedit,
946 1364 1113 1441 devastat,
1123 1362 1294 1447 Argiuoain
1306 1381 1365 1426 eno

312 1471 364 1529 tra
375 1466 477 1545 fugat
521 1464 661 1529 Postera
675 1464 730 1529 die
743 1464 882 1550 Trojani
903 1466 1089 1530 exercitum
1102 1466 1256 1530 educunt:
1274 1470 1368 1527 oonua

312 1564 552 1646 Agamemnon.
596 1564 653 1628 Fit
676 1584 797 1647 magna
819 1566 944 1645 caedes,
969 1577 1109 1648 uterque
1128 1562 1368 1630 exercitaninter

313 1685 350 1730 ee
372 1674 531 1749 pugnant,
555 1667 708 1749 praelium
733 1685 809 1735 nere
829 1668 876 1733 fit
921 1667 1052 1732 Multos
1079 1667 1180 1731 duces
1199 1663 1369 1747 Argivorum

231 1850 235 1855 Ι
312 1765 444 1831 Troilus
472 1767 645 1834 interiecit
711 1768 884 1851 Pugnatur
913 1770 1084 1835 continuis
1114 1770 1226 1834 diebus
1249 1774 1365 1846 septem.

313 1865 543 1949 Agamemnon
559 1869 819 1954 inducias=petit
843 1873 879 1936 in
893 1871 979 1937 dnos
1000 1891 1143 1936 menses.
1188 1866 1369 1935 Palamedem

314 1967 491 2050 magnifico
505 1968 617 2033 funere
631 1969 735 2048 effert,
752 1978 944 2055 ceterosque
959 1973 1063 2038 duces
1075 1991 1117 2036 nc
1130 1971 1248 2035 militen
1259 1966 1372 2049 utrique
1465 1958 1466 2021 ἶ

315 2069 532 2152 sepeliendos
547 2078 674 2136 curant.
716 2071 800 2154 [aa]
814 2070 1054 2154 Agamemnon,
1061 2073 1141 2137 dnm
1155 2069 1292 2135 induciae
1303 2071 1372 2142 sunt,

314 2170 419 2237 mittit
430 2171 473 2235 ad
489 2170 669 2249 Achillem,
686 2171 878 2252 Nestorem,
894 2172 1065 2257 Ulyssem,
1079 2170 1280 2246 Diomedem,
1291 2173 1374 2231 ntro-

314 2278 428 2354 garent
441 2273 535 2338 illum
549 2275 585 2338 in
600 2273 722 2339 ballum
737 2273 880 2357 prodire.
923 2274 1078 2356 Abnegat
1092 2272 1237 2338 Achillen
1245 2276 1373 2343 muamus,

315 2377 407 2457 quod
425 2377 497 2460 jam
513 2380 739 2445 destinaverat
751 2379 786 2442 in
800 2378 925 2443 bellum
948 2397 1017 2442 non
1030 2378 1175 2462 prodire,
1197 2377 1237 2440 ob
1251 2372 1282 2437 id
1298 2368 1375 2454 qnod

314 2478 513 2559 promiserat
525 2480 691 2557 Hecubae,
706 2500 743 2544 se
753 2482 863 2543 minua
877 2475 1261 2563 pugnaturum,eoquod
1272 2472 1376 2554 Polyx-

316 2594 413 2641 enam
428 2578 524 2643 valde
539 2582 682 2646 amabat
725 2581 839 2665 Coepit
860 2581 946 2645 male
970 2600 1029 2645 eoo
1049 2581 1206 2663 accipere
1219 2576 1273 2661 qui
1294 2573 1332 2638 ad
1348 2589 1378 2635 re

315 2680 610 2755 venerant,dicenn
624 2688 821 2765 perpetuam
834 2702 954 2766 paoem
966 2682 1039 2747 lieri
1053 2687 1227 2765 oportere:
1241 2683 1319 2743 tana
1329 2691 1376 2755 po·

315 2775 421 2841 ricula
431 2779 528 2844 unius
543 2783 688 2847 mulieris
700 2803 805 2849 cauea
817 2785 1095 2861 fieri,libertntem
1106 2780 1292 2866 periclitari,
1301 2778 1378 2839 uoto

315 2881 465 2960 tempore
476 2880 622 2948 diffidere
631 2892 659 2949 :⁰
673 2904 792 2968 pacem
805 2887 1010 2969 expostulat,
1020 2904 1170 2968 pugnam
1178 2882 1289 2948 renuit.
1305 2876 1380 2957 Agr·

317 2984 486 3047 memnoni
510 2986 726 3066 renuntiatur,
743 2987 822 3072 quid
848 3006 926 3052 cum
943 2986 1076 3052 Achille
1100 2989 1215 3049 actum
1237 2982 1286 3058 ait,
1304 2976 1382 3043 illam

317 3064 528 3164 pertinaciter
541 3106 674 3169 negare.
719 3088 950 3171 Agamemnon
965 3107 1079 3153 omnes
1101 3086 1207 3150 duces
1220 3086 1253 3148 in
1266 3077 1380 3145 comili-

264 3250 269 3261 ς
316 3201 372 3246 nm
387 3191 496 3263 vocat,
512 3189 693 3252 exercitum
709 3189 864 3266 consulit,
876 3188 955 3272 quid
971 3187 1190 3266 deridebant,
1205 3176 1382 3273 impertili·

318 3302 393 3348 cere
403 3286 484 3369 qnid
500 3287 623 3372 cuique
636 3289 799 3355 uideatur.
831 3289 1007 3361 Menelaus
1022 3289 1143 3353 hortari
1154 3287 1259 3370 coepit
1268 3283 1384 3346 fratrem

258 3402 261 3409 ⁴
318 3403 427 3463 sunm,
448 3392 487 3451 ut
512 3390 624 3470 potius
646 3392 810 3457 exercitus
824 3392 861 3456 in
876 3409 1023 3474 pugnam
1038 3389 1189 3475 prodeat,
1204 3407 1264 3451 ¹1⁶⁰
1277 3384 1385 3448 debfloe

317 3490 442 3564 terreri,
458 3489 488 3553 si
503 3489 655 3555 Achillea
671 3512 709 3558 ae
725 3492 954 3558 excusaverit:
977 3512 1014 3555 se
1035 3500 1148 3556 tamen
1169 3499 1388 3573 pemuasnrnm

318 3584 351 3645 ei
365 3590 403 3647 ut
417 3588 556 3666 prodeat
569 3591 604 3653 io
617 3592 754 3673 bellum,
776 3612 839 3659 uec
853 3592 961 3658 uereri
985 3594 1015 3656 si
1037 3585 1202 3656 noluerit.d
1242 3584 1389 3648 Comme·

317 3690 437 3763 morat,
452 3685 617 3770 'l'rojanos
630 3710 697 3757 non
711 3693 835 3759 habere
847 3692 952 3759 ulium
967 3693 1074 3758 virum
1090 3698 1156 3757 tam
1166 3690 1277 3752 sonem
1290 3699 1391 3768 quam

810 3887 918 3940 ΝΟΤΕ

350 4005 454 4055 errato
475 4012 577 4073 ternpore
595 4012 714 4079 ἅμα]
742 4011 773 4063 ld
791 4023 843 4081 ert,
881 4017 941 4081 ga’tl
957 4031 988 4067 nc
1003 4016 1123 4079 cramail
1137 4014 1202 4078 ΡΜ
1219 4012 1277 4076 l''il
1291 4010 1394 4083 'ms‘

317 4088 391 4132 tanto
408 4091 523 4146 tempore
536 4088 647 4141 inrumto
659 4089 842 4143 aedernmma
878 4109 932 4157 prr.
963 4084 1391 4154 llmmciwlwfflss’fl'ffl·

318 4159 357 4209 rei
367 4157 515 4222 desperare
882 4169 934 4221 sed
945 4168 1082 4220 nolimhoc
1092 4166 1195 4220 imitari

348 4234 430 4286 ¹¹Nec
447 4234 523 4285 cereri
538 4236 561 4284 ri
576 4239 689 4305 edrard]
716 4242 786 4295 Gall.
805 4245 843 4299 Et.
