3034 4928
398 390 449 437 nrr
472 387 650 437 rrrsrorrrr
676 388 786 438 rerer
812 390 987 441 rsorrrrr.
1185 376 1227 443 bt

124 549 214 614 quae
238 529 374 595 tandem
394 531 450 594 ost'
467 529 554 595 ratio
576 529 611 593 id
631 529 785 611 negandi,
799 537 858 595 uut
878 530 913 593 ln
933 530 1069 595 dubium
1084 534 1229 598 voeaudl

125 630 238 695 tidem
248 629 428 713 Epistulae,
443 647 545 713 quam
561 628 640 694 lrrric
654 631 816 713 opusculo
829 631 989 713 praemisit
999 633 1158 716 interpres
1172 634 1229 698 ille

128 730 332 813 Septimius,
345 750 425 794 curn
442 732 559 812 ntique
573 731 722 795 extiterit
736 751 850 795 revera
864 741 944 814 post
958 738 1105 816 tempora
1120 733 1229 799 Nero·

128 830 186 893 nis
197 829 346 896 umens
362 831 508 913 scriptor
521 829 621 894 istius
645 830 791 895 nomlnis
806 852 829 896 e
842 831 973 896 Graecis
986 834 1228 915 posterioribus

130 929 265 1013 saepius
294 929 470 1006 laudatus,
499 948 576 994 eum
605 929 781 994 conveniat
805 930 942 995 Titulus
967 932 1079 997 Greeoi
1101 933 1231 998 Ietini-

129 1049 198 1113 que
223 1030 329 1113 bujus
355 1032 480 1113 operis,
510 1048 586 1094 eum
608 1036 791 1111 congruant
811 1031 976 1114 utrimque
1001 1051 1057 1096 res
1083 1034 1167 1116 ipsu
1197 1035 1230 1097 iu

130 1128 280 1196 eudem
304 1131 405 1212 plane
426 1131 639 1206 sententium,
664 1148 740 1193 cnm
768 1130 913 1213 deniqne
939 1130 1058 1196 eadem
1080 1131 1231 1197 trudatur

130 1230 265 1295 irruenti
281 1231 398 1313 operis
424 1229 573 1306 blsteria,
589 1248 666 1313 quse
687 1249 766 1311 ergo
790 1231 876 1296 ratio
897 1238 964 1307 est,
988 1230 1134 1313 inquam,
1150 1232 1232 1297 satis

131 1332 279 1408 idonea,
294 1349 397 1414 quare
418 1348 518 1394 secus
531 1348 633 1413 quam
656 1348 710 1393 res
735 1330 811 1412 ipsa
831 1330 920 1394 ultro
942 1330 1077 1407 elamat,
1091 1341 1127 1395 et
1149 1332 1234 1416 Sep·

134 1432 262 1496 tinius
282 1430 342 1495 ille
362 1431 477 1514 palam
495 1431 541 1495 de
565 1450 604 1494 se
624 1430 754 1508 fatetur,
776 1450 970 1495 censeamus
990 1432 1146 1497 Lufinum
1169 1434 1232 1500 boc

133 1530 349 1615 opusculum
371 1550 439 1595 nou
461 1550 538 1595 esse
561 1549 604 1595 er
618 1528 743 1595 Grreeo
756 1532 914 1595 versnml
959 1530 1013 1595 lta
1023 1539 1130 1597 tamen
1144 1534 1234 1599 Vos·

134 1633 213 1698 sius
228 1632 265 1695 in
280 1631 471 1696 Historlcis
486 1631 629 1708 Ietinis,
645 1628 710 1709 ‘Q.
731 1631 912 1715 Septimius
926 1631 1100 1696 Romarm
1114 1635 1235 1701 Latine

134 1746 346 1796 susurrus
373 1730 518 1797 vertisse
541 1730 665 1813 Dictyn
687 1728 875 1795 Cretensem
897 1731 940 1796 de
958 1732 1054 1797 Bello
1074 1734 1234 1818 TroJano,

137 1831 204 1896 sed
226 1830 381 1914 quisquis
405 1837 522 1894 auctor
543 1834 596 1893 est
617 1828 691 1910 ejus
715 1830 840 1913 operis,
862 1830 992 1909 laune,
1014 1851 1078 1897 non
1103 1833 1234 1913 Grrece,

137 1931 295 2015 scripsit,
309 1928 451 1995 Grecos
466 1936 577 1993 temen
591 1933 751 1993 auctores
772 1947 848 1993 curn
868 1929 1002 2012 judicio
1022 1930 1112 2014 legit,
1133 1940 1235 2016 atque

142 2049 192 2099 ex
201 2032 246 2096 iis
256 2030 443 2113 excerpsit,
452 2048 529 2112 quse
542 2028 674 2093 veritati
687 2036 910 2094 consentanea
919 2028 1131 2096 viderentur!
1151 2032 1236 2099 Vult

141 2149 241 2214 ergo,
255 2149 344 2215 opus
365 2131 430 2195 boc
455 2127 624 2212 Septimii,
638 2127 692 2192 vel
716 2129 907 2212 quicunque
926 2130 999 2213 ejus
1023 2137 1152 2209 auctor,
1169 2150 1237 2197 non

143 2231 272 2301 Grues
286 2231 457 2314 primitus,
471 2229 530 2293 sed
546 2227 664 2292 latine
678 2233 805 2292 tanturn
826 2228 989 2311 scriptum
1010 2248 1087 2293 esse
1102 2236 1138 2293 et
1150 2250 1239 2295 eom·

145 2332 314 2414 positum.
340 2329 507 2393 Disertius
519 2328 622 2393 etiarn
634 2327 802 2392 Meroerue
815 2328 849 2389 iu
865 2327 967 2391 Notis
980 2327 1022 2392 ad
1038 2327 1237 2412 Prologum:

149 2434 165 2463 ‘
178 2428 229 2493 Et
241 2427 344 2493 multa
358 2427 483 2492 indicia
497 2433 570 2492 suut
585 2427 706 2492 Latine
726 2425 904 2508 scripsisse
920 2426 1093 2506 Nostrum,
1110 2447 1175 2495 nou
1195 2449 1238 2495 ex

148 2527 278 2594 (ἵππου
292 2528 443 2606 vertisse,
458 2537 494 2593 et
506 2528 626 2592 babere
641 2526 807 2593 aGrseeis
821 2527 870 2602 riv
882 2522 961 2603 iter,
977 2548 997 2592 u
1011 2528 1143 2594 latinis
1155 2529 1239 2593 mul·

146 2639 204 2698 tes
231 2631 397 2697 dictiones
415 2649 614 2715 expressus,
639 2630 812 2713 praeolpue
838 2650 861 2694 e
884 2631 1065 2699 Sallustio?
1107 2634 1239 2701 Vellem

144 2732 319 2800 ‘indicia’
347 2732 421 2796 boec
449 2730 645 2816 protulisset
672 2736 705 2794 et
731 2730 830 2795 nobis
856 2741 1154 2799 commonstrasset
1178 2737 1241 2801 Vir

144 2833 378 2900 doctissimus.
421 2830 515 2896 Nem
536 2830 627 2914 quod
648 2831 789 2914 phrases
809 2831 932 2896 multas
944 2836 1102 2899 sumserit
1116 2853 1160 2899 ex
1176 2835 1240 2900 La-

5 2970 6 3031 3
145 2936 230 3002 tinis
246 2942 285 2998 et
304 2932 472 2997 classicis
497 2931 705 3007 auctoribus,
718 2949 760 2996 ac
774 2931 986 3014 potissimum
1006 2952 1049 2997 ex
1066 2932 1241 3013 Sallustio,

147 3035 247 3121 quid,
261 3035 419 3111 obsecro,
433 3033 469 3096 in
485 3051 528 3096 eo
542 3032 630 3096 inest
644 3033 687 3097 ab
707 3031 895 3114 interpretis
915 3033 1045 3098 ratione
1066 3034 1149 3099 adeo
1163 3036 1243 3100 alie-

5 3170 7 3207 ;
146 3155 242 3214 num,
255 3154 333 3199 curn
355 3134 476 3215 utique
496 3131 621 3197 Iutirra
641 3132 803 3211 oratione,
826 3138 860 3197 et
876 3133 1014 3221 liberius
1034 3134 1179 3216 quidem,
1204 3146 1243 3198 ut

5 3254 7 3295 ῑ
147 3239 314 3304 solebant
341 3241 419 3300 tunc
448 3235 659 3315 interpretes,
688 3233 803 3298 Gruci
843 3234 1017 3315 scriptoris
1045 3234 1245 3314 expresserit

5 3388 6 3393 η
148 3338 354 3404 historiamt
377 3335 499 3419 Neque
513 3333 602 3398 euim
621 3333 775 3417 postulat
787 3333 964 3416 quisquam
980 3348 1103 3406 eorum,
1124 3330 1244 3411 quiex

153 3440 283 3504 Grmoo
310 3435 469 3501 Nostrum
495 3436 569 3500 brec
592 3435 731 3499 vertisse
752 3438 904 3506 censent,
927 3438 963 3495 ut
984 3429 1118 3492 verbum
1143 3430 1243 3494 verbo

152 3556 292 3621 semper
305 3524 406 3601 anxia
418 3537 517 3600 nimis
532 3541 567 3600 et
581 3535 727 3600 obseura
747 3532 845 3615 plane
866 3529 1038 3614 diligentia
1059 3527 1244 3596 reddidisse

149 3638 327 3705 credatur.

197 3754 268 3802 xv.
290 3735 337 3801 Et
360 3740 468 3801 tamen
490 3737 578 3801 adeo
602 3735 690 3800 lidus
710 3735 774 3799 fuit
794 3753 888 3817 saepe
909 3732 1080 3816 interpres,
1096 3740 1131 3795 ut
1146 3733 1244 3796 etiam

150 3837 358 3905 Graccismis
372 3837 448 3920 ejus
460 3836 567 3902 dictio
586 3835 743 3913 abundet,
758 3841 793 3899 et
816 3834 919 3900 verbu
939 3851 980 3897 ao
1001 3831 1139 3914 phrases
1152 3830 1247 3896 Gru·

151 3959 221 4006 cas
237 3937 378 4002 subinde
393 3936 515 4002 latino
536 3953 688 4000 sermone
704 3951 887 4018 expressas
908 3929 1087 3996 retinuerit.
1130 3930 1247 4014 Speci-

149 4037 258 4105 rniuls
270 4035 352 4101 loco
375 4036 444 4100 sint
465 4034 641 4118 woerda
661 4053 705 4098 ex
728 4033 859 4098 duobus
880 4036 1007 4096 tantum
1020 4026 1115 4093 libris
1131 4029 1246 4109 petita,

147 4141 217 4206 lib.
232 4156 268 4202 r.
290 4134 441 4201 ‘Eadem
454 4136 637 4219 cupiditate
651 4135 840 4199 universam
856 4130 991 4214 domum
1002 4128 1076 4214 ejus
1087 4129 1121 4192 in
1133 4127 1246 4192 scelus
