3034 4928
279 385 324 448 lu
518 402 623 449 mc.
648 398 839 448 rrarzosrr
866 397 1114 448 crsssarrrro

284 564 323 607 sc
338 540 463 618 tradat,
478 547 638 607 ettamen
653 540 819 608 nonnulla¹
832 544 933 607 etiam
954 543 1147 607 accuratius
1161 549 1197 605 et
1215 543 1373 608 disertius
1505 608 1506 643 ζ

276 641 497 724 expresserit,
513 660 613 724 quam
628 648 740 707 noster
753 642 951 725 Septimius,
966 645 1023 725 qui
1036 642 1217 724 aliquando
1232 644 1374 707 circum·
1505 702 1506 709 ,

283 742 365 805 cisis
391 742 589 813 necessariis
611 741 654 805 ad
681 744 726 805 rei
751 740 997 823 intelligentiam
1028 742 1286 806 circumstantiis
1315 744 1374 806 ob·

189 858 198 870 ·
284 860 383 906 scura
401 840 604 922 quaedamst
626 841 917 922 ambiguenarrat.
962 839 1077 904 Veluti
1088 840 1179 923 quod
1194 840 1236 903 de
1252 841 1375 906 AEthra

284 951 318 1006 et
333 942 491 1026 Clymene
513 960 616 1023 supra
640 941 907 1004 memoravimus.
953 938 1015 1003 Cui
1038 939 1127 1003 adde
1149 939 1260 1004 locum
1276 956 1327 1004 rv.
1340 942 1374 1006 3.

283 1041 438 1121 ‘Fugam
476 1047 672 1124 capessunt,
709 1041 905 1122 clausisque
933 1040 1081 1104 civitatis
1113 1040 1233 1121 portis,
1269 1044 1375 1107 nostri
1506 1022 1507 1059 ³

283 1143 438 1224 reliquos,
464 1160 550 1225 quos
573 1140 654 1222 fuga
675 1141 763 1205 hello
792 1147 974 1217 exemeret,
1000 1140 1212 1217 obtruncant,
1227 1140 1373 1206 soeminis
1506 1186 1507 1197 ,

284 1248 414 1306 tantum
429 1244 636 1307 abstinentes
650 1261 782 1319 manns,
803 1248 1041 1326 parcentesque
1060 1240 1181 1305 sesni!
1224 1242 1374 1307 Dubium

285 1344 374 1406 euim
388 1336 443 1407 hic
458 1343 664 1424 relinquitur,
681 1349 790 1406 utrum
805 1342 869 1418 illi,
884 1341 942 1423 qui
957 1343 1019 1406 sub
1031 1342 1240 1408 Penthesilea
1252 1343 1375 1407 milita·

283 1444 375 1520 bant,
403 1449 437 1507 et
459 1442 608 1524 fugerant
632 1461 678 1506 ex
702 1443 776 1506 acie
799 1442 843 1506 ad
866 1443 992 1519 urbem,
1007 1442 1185 1507 clauserint
1207 1444 1275 1526 ipsi
1297 1444 1375 1509 dein

283 1550 414 1626 portas,
437 1562 480 1606 an
508 1562 587 1607 vero
610 1542 757 1626 Trojani,
781 1543 841 1626 qni
866 1543 900 1607 in
923 1543 1006 1607 urbe
1029 1555 1229 1609 manserant.
1275 1545 1375 1609 Prius

284 1641 434 1707 crederet
448 1643 537 1724 quis,
551 1642 609 1724 qui
635 1641 832 1724 Septimium
857 1647 983 1706 tautum
998 1643 1087 1725 legit,
1102 1650 1139 1707 at
1161 1663 1252 1723 vero,
1268 1647 1376 1729 quiet

286 1741 461 1820 Malelam,
493 1743 716 1825 deprehendet
750 1743 921 1821 continrm,
951 1762 1065 1807 verum
1096 1763 1174 1808 esse
1197 1747 1374 1828 posterius.

286 1841 377 1907 Nam
391 1841 557 1926 'l'rojanos
570 1844 654 1908 dicit
667 1844 722 1908 ille
745 1845 931 1908 ‘clausisse
951 1843 1090 1927 portas,'
1112 1845 1158 1907 inl
1171 1845 1235 1920 τοὺς
1256 1844 1376 1931 ero‘yev·

283 1947 514 2027 ra5,‘propter
536 1943 612 2008 illos
634 1942 814 2024 fugientes,'
837 1950 873 2007 ut
893 1962 1074 2027 repugnare
1100 1946 1230 2011 scilicet
1243 1944 1376 2011 Graecis

285 2050 488 2124 cogerentur,
501 2045 562 2108 sed
585 2051 619 2108 et
641 2043 683 2107 de
709 2038 918 2109 ‘Foeminis'
938 2044 1005 2108 illis
1027 2045 1132 2124 addit,
1151 2046 1255 2112 luisse
1274 2046 1377 2112 Ama·

285 2161 398 2221 conas,
413 2164 496 2229 quas
507 2145 622 2210 Graeci
637 2152 758 2228 captas
772 2145 859 2208 inter
871 2163 909 2207 se
925 2144 1109 2211 diviserint.

329 2260 416 2312 xxi.
440 2248 594 2332 Denique
609 2266 663 2311 res
674 2246 851 2310 manifesta
864 2246 918 2311 vel
931 2246 1078 2311 maxime
1094 2267 1138 2311 ex
1153 2247 1253 2311 Libro
1267 2246 1377 2312 Sexto

285 2349 390 2411 nostri
403 2349 603 2433 interpretis,
616 2350 652 2411 in
673 2367 773 2429 quem
799 2367 896 2411 uuum
917 2345 1087 2428 redegisse
1108 2366 1146 2411 se
1161 2350 1208 2412 ait
1228 2355 1377 2431 quatuor

285 2446 340 2510 vel
355 2448 503 2529 quinque
524 2448 696 2511 volumina
710 2445 1004 2530 Groeci'Dictyos,
1025 2454 1115 2513 certe
1137 2448 1253 2512 retulit
1271 2456 1377 2513 totam

155 2588 159 2595 -
285 2545 453 2611 hismriam
469 2547 510 2610 de
537 2547 642 2612 reditu
664 2544 873 2611 Graecorum.
916 2546 1062 2613 Mulelas
1086 2555 1195 2614 autem
1225 2550 1377 2615 similiter

286 2645 423 2730 quidem
437 2646 613 2712 defunctus
626 2655 676 2711 est
689 2648 810 2730 paucis
824 2649 858 2711 io
879 2667 921 2712 ea
940 2650 1091 2729 historia,
1104 2649 1163 2714 sed
1182 2651 1230 2713 ita
1252 2657 1376 2728 tamen,

286 2754 403 2811 utnon
418 2742 572 2831 sequatur
594 2748 807 2832 Septimium,
830 2769 943 2814 verum
961 2749 1098 2833 reliquis
1120 2768 1164 2813 ex
1178 2738 1397 2815 Graecorum'

285 2848 395 2913 reditu
416 2851 665 2932 praetermissis,
682 2851 838 2934 delegerit
858 2852 1065 2933 potissimum
1087 2850 1256 2915 historiam
1276 2850 1379 2935 Ulys-

275 2950 346 3043 lsis,
362 2967 402 3013 ac
413 2948 489 3013 dein
505 2948 773 3032 Agamemnonis,
788 2953 895 3017 occisi
907 2955 950 3016 ab
965 2970 1081 3028 uxore,
1096 2957 1134 3015 ut
1145 2958 1178 3015 et
1192 2951 1292 3034 hujus
1303 2952 1377 3029 filii,

286 3049 430 3128 Orestis,
451 3051 633 3134 dequibus
649 3055 803 3118 omnibus
823 3055 923 3136 longe
938 3052 1046 3135 plura,
1061 3053 1142 3116 licet
1165 3056 1378 3134 congruenti·

285 3152 350 3215 hus
364 3152 503 3216 summis
522 3170 627 3216 rerum
652 3154 695 3216 ab
712 3154 906 3218 Homericis
920 3152 1165 3217 namuonibus
1192 3153 1376 3235 aliquando

286 3253 512 3318 secedentium
535 3254 718 3335 capitibus,
732 3254 842 3325 refert,
867 3272 964 3335 quam
990 3252 1126 3330 Noster,
1141 3259 1175 3316 et
1196 3259 1308 3317 tamen
1329 3273 1377 3318 ex

287 3354 421 3437 Dictys,
437 3362 476 3419 ut
498 3354 620 3418 diserte
642 3353 820 3418 identidem
844 3355 903 3419 ait.
947 3354 1034 3418 Vide
1057 3373 1094 3436 p.
1118 3354 1190 3418 102.
1204 3354 1246 3418 de
1267 3353 1377 3432 Circe,

286 3473 386 3538 quam
403 3456 530 3521 Noster
554 3456 634 3521 nihil
649 3455 751 3534 aliud,
767 3476 866 3539 quam
882 3455 1041 3530 nominat,
1056 3469 1092 3518 et
1106 3475 1140 3538 p·
1154 3455 1228 3520 los.
1246 3454 1320 3519 168.
1341 3462 1378 3520 et

286 3554 359 3618 172
405 3553 540 3619 Clarum
556 3574 601 3618 ex
614 3576 668 3632 eo,
678 3558 837 3622 habuisse
848 3555 988 3622 Graecos
997 3557 1200 3638 posteriores
1215 3554 1288 3643 illa,
1296 3573 1377 3639 qnae

287 3654 432 3736 Dictyos
447 3654 579 3716 nomine
601 3652 747 3731 laudant,
769 3676 835 3720 uon
859 3676 903 3720 ex
926 3662 1041 3721 nostro
1061 3655 1240 3739 Septimio,
1255 3656 1315 3725 sed
1330 3676 1377 3721 ex

287 3754 410 3819 Graeco
426 3752 559 3851 Dictys,
574 3770 668 3835 quem
682 3754 795 3835 ipsum
810 3757 909 3820 vertit
924 3755 1042 3821 Latine
1056 3756 1254 3840 Septimius,
1265 3764 1299 3821 et
1311 3759 1378 3824 hac

286 3842 322 3917 in
343 3859 446 3937 parte,
463 3871 538 3935 qum
567 3852 609 3916 de
640 3852 746 3918 reditu
770 3854 966 3920 Grsecornm
996 3857 1128 3938 agebat,
1152 3858 1317 3922 conuaxh
1340 3860 1379 3923 in

284 3954 475 4039 Epitomen,
489 3960 523 4017 et
543 3953 619 4018 ideo
641 3954 762 4033 minus,
784 3957 873 4040 quod
897 3957 942 4020 ad
963 3956 1057 4023 filum
1075 3957 1239 4021 Historiae
1261 3967 1296 4021 et
1318 3979 1378 4024 se·

285 4057 367 4122 riom
381 4073 502 4132 rerum,
517 4073 592 4119 cum
608 4055 733 4122 Malela
747 4064 781 4124 et
796 4057 948 4149 Cedreno
965 4059 1042 4123 istic
1057 4060 1217 4140 congruit.

330 4171 432 4222 xxti·
450 4155 519 4222 leta
534 4161 647 4223 autem
660 4160 797 4225 uberius
807 4160 909 4243 paulo
923 4168 958 4225 et
968 4159 1139 4243 copiosius
1151 4157 1381 4226 demonstrare
