<?xml version="1.0" encoding="UTF-8"?>
<!DOCTYPE html PUBLIC "-//W3C//DTD XHTML 1.0 Transitional//EN"
    "http://www.w3.org/TR/xhtml1/DTD/xhtml1-transitional.dtd">
<html xmlns="http://www.w3.org/1999/xhtml" xml:lang="en" lang="en">
 <head>
  <title>
</title>
<meta http-equiv="Content-Type" content="text/html;charset=utf-8" />
  <meta name='ocr-system' content='tesseract 3.04.00' />
  <meta name='ocr-capabilities' content='ocr_page ocr_carea ocr_par ocr_line ocrx_word'/>
</head>
<body>
  <div class='ocr_page' id='page_1' title='image "./debellotrojano00josegoog/debellotrojano00josegoog_0608.png"; bbox 0 0 3070 4922; ppageno 0'>
   <div class='ocr_carea' id='block_1_1' title="bbox 418 399 1236 463">
    <p class='ocr_par' dir='ltr' id='par_1_1' title="bbox 418 399 1236 463">
     <span class='ocr_line' id='line_1_1' title="bbox 418 399 1236 463; baseline 0.015 -12"><span class='ocrx_word' id='word_1_1' title='bbox 418 404 467 451; x_wconf 82' lang='lat' dir='ltr'><strong>nc</strong></span> <span class='ocrx_word' id='word_1_2' title='bbox 492 406 612 454; x_wconf 81' lang='lat' dir='ltr'><strong>cccco</strong></span> <span class='ocrx_word' id='word_1_3' title='bbox 634 405 804 455; x_wconf 74' lang='lat' dir='ltr'><strong>rnornrro</strong></span> <span class='ocrx_word' id='word_1_4' title='bbox 830 408 901 456; x_wconf 83' lang='grc' dir='ltr'><strong>ιιι.</strong></span> <span class='ocrx_word' id='word_1_5' title='bbox 925 409 975 456; x_wconf 80' lang='grc' dir='ltr'><strong>ιν.</strong></span> <span class='ocrx_word' id='word_1_6' title='bbox 1171 399 1236 463; x_wconf 84' lang='grc'><strong>490</strong></span> 
     </span>
    </p>
   </div>
   <div class='ocr_carea' id='block_1_2' title="bbox 145 547 1271 1743">
    <p class='ocr_par' dir='ltr' id='par_1_2' title="bbox 148 547 1015 733">
     <span class='ocr_line' id='line_1_2' title="bbox 148 547 979 633; baseline 0.001 -18"><span class='ocrx_word' id='word_1_7' title='bbox 148 547 349 615; x_wconf 80' lang='lat' dir='ltr'><strong>Commodat</strong></span> <span class='ocrx_word' id='word_1_8' title='bbox 362 552 420 611; x_wconf 83' lang='lat' dir='ltr'><strong>ant</strong></span> <span class='ocrx_word' id='word_1_9' title='bbox 438 547 591 612; x_wconf 81' lang='lat' dir='ltr'><strong>fremitus</strong></span> <span class='ocrx_word' id='word_1_10' title='bbox 607 549 718 626; x_wconf 82' lang='lat' dir='ltr'><strong>armis,</strong></span> <span class='ocrx_word' id='word_1_11' title='bbox 732 557 793 612; x_wconf 87' lang='lat' dir='ltr'><strong>ant</strong></span> <span class='ocrx_word' id='word_1_12' title='bbox 808 553 877 614; x_wconf 80' lang='lat' dir='ltr'><strong>otia</strong></span> <span class='ocrx_word' id='word_1_13' title='bbox 892 553 979 633; x_wconf 82' lang='lat' dir='ltr'><strong>poci.</strong></span> 
     </span>
     <span class='ocr_line' id='line_1_3' title="bbox 191 647 1015 733; baseline 0.004 -18"><span class='ocrx_word' id='word_1_14' title='bbox 191 652 231 716; x_wconf 89' lang='lat' dir='ltr'><strong>In</strong></span> <span class='ocrx_word' id='word_1_15' title='bbox 246 669 358 714; x_wconf 88' lang='lat' dir='ltr'><strong>serum</strong></span> <span class='ocrx_word' id='word_1_16' title='bbox 372 647 535 731; x_wconf 80' lang='lat' dir='ltr'><strong>perducto</strong></span> <span class='ocrx_word' id='word_1_17' title='bbox 545 668 671 727; x_wconf 86' lang='lat' dir='ltr'><strong>senem,</strong></span> <span class='ocrx_word' id='word_1_18' title='bbox 686 669 764 733; x_wconf 83' lang='lat' dir='ltr'><strong>pars</strong></span> <span class='ocrx_word' id='word_1_19' title='bbox 779 650 898 716; x_wconf 80' lang='lat' dir='ltr'><strong>ultime</strong></span> <span class='ocrx_word' id='word_1_20' title='bbox 911 672 1015 717; x_wconf 80' lang='lat' dir='ltr'><strong>cenos</strong></span> 
     </span>
    </p>

    <p class='ocr_par' dir='ltr' id='par_1_3' title="bbox 148 749 908 834">
     <span class='ocr_line' id='line_1_4' title="bbox 148 749 908 834; baseline -0.004 -16"><span class='ocrx_word' id='word_1_21' title='bbox 148 752 292 834; x_wconf 77' lang='lat' dir='ltr'>Colligit,</span> <span class='ocrx_word' id='word_1_22' title='bbox 306 758 341 815; x_wconf 88' lang='lat' dir='ltr'><strong>et</strong></span> <span class='ocrx_word' id='word_1_23' title='bbox 354 749 440 814; x_wconf 83' lang='lat' dir='ltr'><strong>ruris</strong></span> <span class='ocrx_word' id='word_1_24' title='bbox 453 750 625 814; x_wconf 81' lang='lat' dir='ltr'><strong>sulcantur</strong></span> <span class='ocrx_word' id='word_1_25' title='bbox 639 758 791 833; x_wconf 76' lang='lat' dir='ltr'><strong>ternpore</strong></span> <span class='ocrx_word' id='word_1_26' title='bbox 805 754 908 834; x_wconf 81' lang='lat' dir='ltr'><strong>rogis,</strong></span> 
     </span>
    </p>

    <p class='ocr_par' dir='ltr' id='par_1_4' title="bbox 148 850 1271 935">
     <span class='ocr_line' id='line_1_5' title="bbox 148 850 1271 935; baseline 0.001 -15"><span class='ocrx_word' id='word_1_27' title='bbox 148 856 348 935; x_wconf 75' lang='lat' dir='ltr'><strong>Progressos</strong></span> <span class='ocrx_word' id='word_1_28' title='bbox 363 856 487 915; x_wconf 77' lang='lat' dir='ltr'><strong>testate</strong></span> <span class='ocrx_word' id='word_1_29' title='bbox 502 850 590 915; x_wconf 86' lang='lat' dir='ltr'><strong>dies:</strong></span> <span class='ocrx_word' id='word_1_30' title='bbox 613 853 729 934; x_wconf 89' lang='lat' dir='ltr'><strong>procul</strong></span> <span class='ocrx_word' id='word_1_31' title='bbox 744 852 861 917; x_wconf 82' lang='lat' dir='ltr'><strong>exitus</strong></span> <span class='ocrx_word' id='word_1_32' title='bbox 877 856 953 928; x_wconf 84' lang='lat' dir='ltr'><strong>aeri,</strong></span> <span class='ocrx_word' id='word_1_33' title='bbox 1169 856 1233 921; x_wconf 84' lang='grc'><strong>480</strong></span> <span class='ocrx_word' id='word_1_34' title='bbox 1264 872 1271 885; x_wconf 88' lang='grc'><em>·</em></span> 
     </span>
    </p>

    <p class='ocr_par' dir='ltr' id='par_1_5' title="bbox 148 951 1007 1037">
     <span class='ocr_line' id='line_1_6' title="bbox 148 951 1007 1037; baseline 0.001 -18"><span class='ocrx_word' id='word_1_35' title='bbox 148 955 243 1020; x_wconf 87' lang='lat' dir='ltr'><strong>Mors</strong></span> <span class='ocrx_word' id='word_1_36' title='bbox 256 957 360 1037; x_wconf 81' lang='lat' dir='ltr'><strong>longe,</strong></span> <span class='ocrx_word' id='word_1_37' title='bbox 374 963 409 1017; x_wconf 90' lang='lat' dir='ltr'><strong>et</strong></span> <span class='ocrx_word' id='word_1_38' title='bbox 419 951 563 1017; x_wconf 78' lang='lat' dir='ltr'><strong>Lachesi</strong></span> <span class='ocrx_word' id='word_1_39' title='bbox 578 959 708 1017; x_wconf 81' lang='lat' dir='ltr'><strong>stamen</strong></span> <span class='ocrx_word' id='word_1_40' title='bbox 723 955 827 1018; x_wconf 83' lang='lat' dir='ltr'><strong>vitale</strong></span> <span class='ocrx_word' id='word_1_41' title='bbox 842 956 1007 1020; x_wconf 82' lang='lat' dir='ltr'><strong>ministrat</strong></span> 
     </span>
    </p>

    <p class='ocr_par' dir='ltr' id='par_1_6' title="bbox 147 1052 956 1139">
     <span class='ocr_line' id='line_1_7' title="bbox 147 1052 956 1139; baseline -0.002 -18"><span class='ocrx_word' id='word_1_42' title='bbox 147 1056 307 1121; x_wconf 89' lang='lat' dir='ltr'><strong>Nondum</strong></span> <span class='ocrx_word' id='word_1_43' title='bbox 322 1055 414 1119; x_wconf 83' lang='lat' dir='ltr'><strong>iesse</strong></span> <span class='ocrx_word' id='word_1_44' title='bbox 429 1072 539 1117; x_wconf 87' lang='lat' dir='ltr'><strong>soror:</strong></span> <span class='ocrx_word' id='word_1_45' title='bbox 561 1062 596 1118; x_wconf 87' lang='lat' dir='ltr'><strong>nt</strong></span> <span class='ocrx_word' id='word_1_46' title='bbox 610 1052 680 1118; x_wconf 81' lang='lat' dir='ltr'><strong>feto</strong></span> <span class='ocrx_word' id='word_1_47' title='bbox 695 1055 801 1137; x_wconf 82' lang='lat' dir='ltr'><strong>major</strong></span> <span class='ocrx_word' id='word_1_48' title='bbox 817 1055 956 1139; x_wconf 84' lang='lat' dir='ltr'><strong>Erinnys</strong></span> 
     </span>
    </p>

    <p class='ocr_par' dir='ltr' id='par_1_7' title="bbox 147 1154 1018 1240">
     <span class='ocr_line' id='line_1_8' title="bbox 147 1154 1018 1240; baseline 0.001 -20"><span class='ocrx_word' id='word_1_49' title='bbox 147 1156 347 1240; x_wconf 74' lang='lat' dir='ltr'><strong>Praecipitat</strong></span> <span class='ocrx_word' id='word_1_50' title='bbox 361 1155 485 1219; x_wconf 78' lang='lat' dir='ltr'><strong>festino</strong></span> <span class='ocrx_word' id='word_1_51' title='bbox 500 1154 639 1218; x_wconf 89' lang='lat' dir='ltr'><strong>ducem:</strong></span> <span class='ocrx_word' id='word_1_52' title='bbox 661 1164 729 1219; x_wconf 85' lang='lat' dir='ltr'><strong>tres</strong></span> <span class='ocrx_word' id='word_1_53' title='bbox 744 1176 811 1220; x_wconf 81' lang='lat' dir='ltr'><strong>aere</strong></span> <span class='ocrx_word' id='word_1_54' title='bbox 827 1157 1018 1240; x_wconf 89' lang='lat' dir='ltr'><strong>propinquo</strong></span> 
     </span>
    </p>

    <p class='ocr_par' dir='ltr' id='par_1_8' title="bbox 148 1255 840 1340">
     <span class='ocr_line' id='line_1_9' title="bbox 148 1255 840 1340; baseline -0.004 -18"><span class='ocrx_word' id='word_1_55' title='bbox 148 1258 299 1332; x_wconf 77' lang='lat' dir='ltr'><strong>Haerent,</strong></span> <span class='ocrx_word' id='word_1_56' title='bbox 315 1257 399 1320; x_wconf 79' lang='lat' dir='ltr'><strong>irate</strong></span> <span class='ocrx_word' id='word_1_57' title='bbox 413 1256 546 1319; x_wconf 79' lang='lat' dir='ltr'><strong>Pelides</strong></span> <span class='ocrx_word' id='word_1_58' title='bbox 561 1255 680 1333; x_wconf 78' lang='lat' dir='ltr'><strong>fronte,</strong></span> <span class='ocrx_word' id='word_1_59' title='bbox 692 1258 840 1340; x_wconf 79' lang='lat' dir='ltr'><strong>precanti</strong></span> 
     </span>
    </p>

    <p class='ocr_par' dir='ltr' id='par_1_9' title="bbox 146 1355 1232 1441">
     <span class='ocr_line' id='line_1_10' title="bbox 146 1355 1232 1441; baseline 0.003 -20"><span class='ocrx_word' id='word_1_60' title='bbox 146 1357 329 1440; x_wconf 81' lang='lat' dir='ltr'><strong>Telephus,</strong></span> <span class='ocrx_word' id='word_1_61' title='bbox 344 1358 488 1421; x_wconf 77' lang='lat' dir='ltr'><strong>exanimi</strong></span> <span class='ocrx_word' id='word_1_62' title='bbox 502 1355 690 1421; x_wconf 77' lang='lat' dir='ltr'><strong>Teuthras:</strong></span> <span class='ocrx_word' id='word_1_63' title='bbox 713 1358 838 1441; x_wconf 83' lang='lat' dir='ltr'><strong>pellere</strong></span> <span class='ocrx_word' id='word_1_64' title='bbox 856 1358 988 1423; x_wconf 86' lang='lat' dir='ltr'><strong>videres</strong></span> <span class='ocrx_word' id='word_1_65' title='bbox 1167 1359 1232 1424; x_wconf 74' lang='lat'><strong>485</strong></span> 
     </span>
    </p>

    <p class='ocr_par' dir='ltr' id='par_1_10' title="bbox 148 1458 1052 1540">
     <span class='ocr_line' id='line_1_11' title="bbox 148 1458 1052 1540; baseline 0.004 -20"><span class='ocrx_word' id='word_1_66' title='bbox 148 1458 227 1535; x_wconf 81' lang='lat' dir='ltr'><strong>Ora,</strong></span> <span class='ocrx_word' id='word_1_67' title='bbox 242 1477 354 1539; x_wconf 84' lang='lat' dir='ltr'><strong>genus,</strong></span> <span class='ocrx_word' id='word_1_68' title='bbox 370 1476 551 1540; x_wconf 83' lang='lat' dir='ltr'><strong>nurumque</strong></span> <span class='ocrx_word' id='word_1_69' title='bbox 566 1460 669 1522; x_wconf 90' lang='lat' dir='ltr'><strong>mori:</strong></span> <span class='ocrx_word' id='word_1_70' title='bbox 694 1478 790 1523; x_wconf 89' lang='lat' dir='ltr'><strong>cruor</strong></span> <span class='ocrx_word' id='word_1_71' title='bbox 804 1459 894 1523; x_wconf 85' lang='lat' dir='ltr'><strong>altos</strong></span> <span class='ocrx_word' id='word_1_72' title='bbox 905 1462 939 1523; x_wconf 90' lang='lat' dir='ltr'><strong>in</strong></span> <span class='ocrx_word' id='word_1_73' title='bbox 954 1478 1052 1524; x_wconf 81' lang='lat' dir='ltr'><strong>eures</strong></span> 
     </span>
    </p>

    <p class='ocr_par' dir='ltr' id='par_1_11' title="bbox 146 1559 860 1636">
     <span class='ocr_line' id='line_1_12' title="bbox 146 1559 860 1636; baseline -0.001 -14"><span class='ocrx_word' id='word_1_74' title='bbox 146 1559 261 1636; x_wconf 87' lang='lat' dir='ltr'><strong>Exilit,</strong></span> <span class='ocrx_word' id='word_1_75' title='bbox 277 1568 309 1625; x_wconf 88' lang='lat' dir='ltr'><strong>et</strong></span> <span class='ocrx_word' id='word_1_76' title='bbox 323 1560 425 1622; x_wconf 90' lang='lat' dir='ltr'><strong>minio</strong></span> <span class='ocrx_word' id='word_1_77' title='bbox 440 1566 554 1623; x_wconf 82' lang='lat' dir='ltr'><strong>rorant</strong></span> <span class='ocrx_word' id='word_1_78' title='bbox 568 1559 718 1623; x_wconf 76' lang='lat' dir='ltr'><strong>tabulata</strong></span> <span class='ocrx_word' id='word_1_79' title='bbox 733 1559 860 1625; x_wconf 84' lang='lat' dir='ltr'><strong>fluenti.</strong></span> 
     </span>
    </p>

    <p class='ocr_par' dir='ltr' id='par_1_12' title="bbox 145 1660 920 1743">
     <span class='ocr_line' id='line_1_13' title="bbox 145 1660 920 1743; baseline 0.001 -19"><span class='ocrx_word' id='word_1_80' title='bbox 145 1660 234 1726; x_wconf 83' lang='lat' dir='ltr'><strong>Haec</strong></span> <span class='ocrx_word' id='word_1_81' title='bbox 247 1680 345 1743; x_wconf 85' lang='lat' dir='ltr'><strong>snper</strong></span> <span class='ocrx_word' id='word_1_82' title='bbox 359 1660 481 1742; x_wconf 79' lang='lat' dir='ltr'><strong>exiguo</strong></span> <span class='ocrx_word' id='word_1_83' title='bbox 495 1660 638 1724; x_wconf 87' lang='lat' dir='ltr'><strong>breviter</strong></span> <span class='ocrx_word' id='word_1_84' title='bbox 652 1661 797 1726; x_wconf 83' lang='lat' dir='ltr'><strong>collecte</strong></span> <span class='ocrx_word' id='word_1_85' title='bbox 810 1662 920 1743; x_wconf 76' lang='lat' dir='ltr'><strong>sigillo</strong></span> 
     </span>
    </p>
   </div>
   <div class='ocr_carea' id='block_1_3' title="bbox 143 1760 1230 2450">
    <p class='ocr_par' dir='ltr' id='par_1_13' title="bbox 143 1760 1230 2450">
     <span class='ocr_line' id='line_1_14' title="bbox 147 1760 1019 1843; baseline 0.001 -19"><span class='ocrx_word' id='word_1_86' title='bbox 147 1761 235 1826; x_wconf 82' lang='lat' dir='ltr'><strong>Futn</strong></span> <span class='ocrx_word' id='word_1_87' title='bbox 248 1761 322 1838; x_wconf 83' lang='lat' dir='ltr'><strong>viri,</strong></span> <span class='ocrx_word' id='word_1_88' title='bbox 338 1763 411 1842; x_wconf 92' lang='lat' dir='ltr'><strong>quis</strong></span> <span class='ocrx_word' id='word_1_89' title='bbox 424 1764 511 1843; x_wconf 79' lang='lat' dir='ltr'><strong>regis</strong></span> <span class='ocrx_word' id='word_1_90' title='bbox 524 1760 645 1838; x_wconf 88' lang='lat' dir='ltr'><strong>honos,</strong></span> <span class='ocrx_word' id='word_1_91' title='bbox 661 1760 738 1843; x_wconf 91' lang='lat' dir='ltr'><strong>quis</strong></span> <span class='ocrx_word' id='word_1_92' title='bbox 753 1761 876 1825; x_wconf 86' lang='lat' dir='ltr'><strong>funeris</strong></span> <span class='ocrx_word' id='word_1_93' title='bbox 891 1768 1019 1838; x_wconf 84' lang='lat' dir='ltr'><strong>auctor,</strong></span> 
     </span>
     <span class='ocr_line' id='line_1_15' title="bbox 146 1861 1230 1945; baseline 0 -20"><span class='ocrx_word' id='word_1_94' title='bbox 146 1861 247 1939; x_wconf 87' lang='lat' dir='ltr'><strong>Quod</strong></span> <span class='ocrx_word' id='word_1_95' title='bbox 258 1862 773 1945; x_wconf 83' lang='lat' dir='ltr'><strong>tetum,queecanee‚petentqoe</strong></span> <span class='ocrx_word' id='word_1_96' title='bbox 784 1861 848 1926; x_wconf 94' lang='lat' dir='ltr'><strong>hoc</strong></span> <span class='ocrx_word' id='word_1_97' title='bbox 859 1862 1142 1943; x_wconf 80' lang='lat' dir='ltr'><strong>singulescripto:</strong></span> <span class='ocrx_word' id='word_1_98' title='bbox 1165 1861 1230 1925; x_wconf 87' lang='grc'><strong>490</strong></span> 
     </span>
     <span class='ocr_line' id='line_1_16' title="bbox 188 1959 1153 2047; baseline -0.001 -20"><span class='ocrx_word' id='word_1_99' title='bbox 188 1963 266 2027; x_wconf 84' lang='lat' dir='ltr'><strong>Dux</strong></span> <span class='ocrx_word' id='word_1_100' title='bbox 282 1961 456 2039; x_wconf 73' lang='lat' dir='ltr'><strong>Teuthras,</strong></span> <span class='ocrx_word' id='word_1_101' title='bbox 474 1963 594 2028; x_wconf 86' lang='lat' dir='ltr'><strong>Moesis</strong></span> <span class='ocrx_word' id='word_1_102' title='bbox 608 1964 711 2028; x_wconf 87' lang='lat' dir='ltr'><strong>decus</strong></span> <span class='ocrx_word' id='word_1_103' title='bbox 722 1964 822 2039; x_wconf 84' lang='lat' dir='ltr'><strong>ervis,</strong></span> <span class='ocrx_word' id='word_1_104' title='bbox 838 1981 960 2047; x_wconf 79' lang='lat' dir='ltr'><strong>passus</strong></span> <span class='ocrx_word' id='word_1_105' title='bbox 975 1959 1153 2038; x_wconf 83' lang='lat' dir='ltr'><strong>Achillem,</strong></span> 
     </span>
     <span class='ocr_line' id='line_1_17' title="bbox 144 2063 890 2148; baseline -0.001 -21"><span class='ocrx_word' id='word_1_106' title='bbox 144 2063 232 2127; x_wconf 86' lang='lat' dir='ltr'><strong>Ense</strong></span> <span class='ocrx_word' id='word_1_107' title='bbox 248 2082 361 2128; x_wconf 85' lang='lat' dir='ltr'><strong>necem</strong></span> <span class='ocrx_word' id='word_1_108' title='bbox 372 2065 485 2140; x_wconf 85' lang='lat' dir='ltr'><strong>sensit,</strong></span> <span class='ocrx_word' id='word_1_109' title='bbox 500 2067 620 2148; x_wconf 82' lang='lat' dir='ltr'><strong>sceptri</strong></span> <span class='ocrx_word' id='word_1_110' title='bbox 636 2065 787 2129; x_wconf 83' lang='lat' dir='ltr'><strong>defensor</strong></span> <span class='ocrx_word' id='word_1_111' title='bbox 800 2065 890 2127; x_wconf 79' lang='lat' dir='ltr'><strong>aviti.</strong></span> 
     </span>
     <span class='ocr_line' id='line_1_18' title="bbox 188 2164 1033 2249; baseline 0.001 -22"><span class='ocrx_word' id='word_1_112' title='bbox 188 2165 374 2248; x_wconf 84' lang='lat' dir='ltr'><strong>Postquam</strong></span> <span class='ocrx_word' id='word_1_113' title='bbox 391 2164 493 2229; x_wconf 84' lang='lat' dir='ltr'><strong>bustu</strong></span> <span class='ocrx_word' id='word_1_114' title='bbox 507 2165 604 2230; x_wconf 90' lang='lat' dir='ltr'><strong>ducis</strong></span> <span class='ocrx_word' id='word_1_115' title='bbox 618 2167 710 2248; x_wconf 86' lang='lat' dir='ltr'><strong>nigro</strong></span> <span class='ocrx_word' id='word_1_116' title='bbox 725 2166 898 2249; x_wconf 80' lang='lat' dir='ltr'><strong>deplanxit</strong></span> <span class='ocrx_word' id='word_1_117' title='bbox 911 2165 1033 2229; x_wconf 87' lang='lat' dir='ltr'><strong>honore</strong></span> 
     </span>
     <span class='ocr_line' id='line_1_19' title="bbox 145 2263 993 2349; baseline 0.001 -21"><span class='ocrx_word' id='word_1_118' title='bbox 145 2263 230 2328; x_wconf 83' lang='lat' dir='ltr'><strong>Fida</strong></span> <span class='ocrx_word' id='word_1_119' title='bbox 243 2284 375 2342; x_wconf 82' lang='lat' dir='ltr'><strong>munus,</strong></span> <span class='ocrx_word' id='word_1_120' title='bbox 389 2274 576 2348; x_wconf 85' lang='lat' dir='ltr'><strong>moestoque</strong></span> <span class='ocrx_word' id='word_1_121' title='bbox 591 2266 754 2331; x_wconf 80' lang='lat' dir='ltr'><strong>ululatum</strong></span> <span class='ocrx_word' id='word_1_122' title='bbox 773 2285 853 2331; x_wconf 91' lang='lat' dir='ltr'><strong>voce</strong></span> <span class='ocrx_word' id='word_1_123' title='bbox 867 2267 993 2349; x_wconf 83' lang='lat' dir='ltr'><strong>quievit</strong></span> 
     </span>
     <span class='ocr_line' id='line_1_20' title="bbox 143 2365 1230 2450; baseline -0.001 -20"><span class='ocrx_word' id='word_1_124' title='bbox 143 2366 307 2449; x_wconf 82' lang='lat' dir='ltr'><strong>Supremo</strong></span> <span class='ocrx_word' id='word_1_125' title='bbox 318 2367 390 2450; x_wconf 84' lang='lat' dir='ltr'><strong>jem</strong></span> <span class='ocrx_word' id='word_1_126' title='bbox 405 2367 470 2429; x_wconf 89' lang='lat' dir='ltr'><strong>tine</strong></span> <span class='ocrx_word' id='word_1_127' title='bbox 484 2366 585 2446; x_wconf 79' lang='lat' dir='ltr'><strong>Vale,</strong></span> <span class='ocrx_word' id='word_1_128' title='bbox 601 2367 774 2432; x_wconf 80' lang='lat' dir='ltr'><strong>redeuntia</strong></span> <span class='ocrx_word' id='word_1_129' title='bbox 784 2366 876 2432; x_wconf 90' lang='lat' dir='ltr'><strong>ducit</strong></span> <span class='ocrx_word' id='word_1_130' title='bbox 1163 2365 1230 2429; x_wconf 82' lang='grc'><strong>495</strong></span> 
     </span>
    </p>
   </div>
   <div class='ocr_carea' id='block_1_4' title="bbox 136 2463 1228 3163">
    <p class='ocr_par' dir='ltr' id='par_1_14' title="bbox 136 2463 1228 3163">
     <span class='ocr_line' id='line_1_21' title="bbox 143 2463 839 2548; baseline 0.006 -20"><span class='ocrx_word' id='word_1_131' title='bbox 143 2463 287 2548; x_wconf 76' lang='lat' dir='ltr'><strong>Agmine</strong></span> <span class='ocrx_word' id='word_1_132' title='bbox 301 2467 448 2543; x_wconf 88' lang='lat' dir='ltr'><strong>Pelides,</strong></span> <span class='ocrx_word' id='word_1_133' title='bbox 463 2468 561 2530; x_wconf 88' lang='lat' dir='ltr'><strong>urbes</strong></span> <span class='ocrx_word' id='word_1_134' title='bbox 575 2467 699 2545; x_wconf 84' lang='lat' dir='ltr'><strong>invitus</strong></span> <span class='ocrx_word' id='word_1_135' title='bbox 713 2468 839 2532; x_wconf 83' lang='lat' dir='ltr'><strong>amices</strong></span> 
     </span>
     <span class='ocr_line' id='line_1_22' title="bbox 143 2565 941 2653; baseline -0.003 -23"><span class='ocrx_word' id='word_1_136' title='bbox 143 2565 312 2650; x_wconf 80' lang='lat' dir='ltr'><strong>Telephus</strong></span> <span class='ocrx_word' id='word_1_137' title='bbox 322 2576 355 2633; x_wconf 91' lang='lat' dir='ltr'><strong>et</strong></span> <span class='ocrx_word' id='word_1_138' title='bbox 369 2568 482 2632; x_wconf 92' lang='lat' dir='ltr'><strong>socios</strong></span> <span class='ocrx_word' id='word_1_139' title='bbox 496 2576 646 2632; x_wconf 84' lang='lat' dir='ltr'><strong>recturus</strong></span> <span class='ocrx_word' id='word_1_140' title='bbox 662 2569 822 2653; x_wconf 87' lang='lat' dir='ltr'><strong>linquitur</strong></span> <span class='ocrx_word' id='word_1_141' title='bbox 836 2587 941 2651; x_wconf 81' lang='lat' dir='ltr'><strong>agros.</strong></span> 
     </span>
     <span class='ocr_line' id='line_1_23' title="bbox 186 2666 1039 2752; baseline 0.005 -22"><span class='ocrx_word' id='word_1_142' title='bbox 186 2666 265 2750; x_wconf 90' lang='lat' dir='ltr'><strong>Ipse</strong></span> <span class='ocrx_word' id='word_1_143' title='bbox 279 2669 413 2751; x_wconf 88' lang='lat' dir='ltr'><strong>quidem</strong></span> <span class='ocrx_word' id='word_1_144' title='bbox 429 2669 506 2751; x_wconf 87' lang='lat' dir='ltr'><strong>plus</strong></span> <span class='ocrx_word' id='word_1_145' title='bbox 522 2689 606 2752; x_wconf 84' lang='lat' dir='ltr'><strong>poce</strong></span> <span class='ocrx_word' id='word_1_146' title='bbox 621 2671 723 2747; x_wconf 77' lang='lat' dir='ltr'><strong>acies,</strong></span> <span class='ocrx_word' id='word_1_147' title='bbox 736 2672 844 2733; x_wconf 90' lang='lat' dir='ltr'><strong>minus</strong></span> <span class='ocrx_word' id='word_1_148' title='bbox 860 2670 930 2734; x_wconf 84' lang='lat' dir='ltr'><strong>otia</strong></span> <span class='ocrx_word' id='word_1_149' title='bbox 942 2669 1039 2736; x_wconf 88' lang='lat' dir='ltr'><strong>hellis</strong></span> 
     </span>
     <span class='ocr_line' id='line_1_24' title="bbox 144 2769 888 2848; baseline 0.003 -16"><span class='ocrx_word' id='word_1_150' title='bbox 144 2769 282 2848; x_wconf 84' lang='lat' dir='ltr'><strong>Poscat‚</strong></span> <span class='ocrx_word' id='word_1_151' title='bbox 298 2779 330 2835; x_wconf 87' lang='lat' dir='ltr'><strong>et</strong></span> <span class='ocrx_word' id='word_1_152' title='bbox 343 2777 478 2834; x_wconf 77' lang='lat' dir='ltr'><strong>armatae</strong></span> <span class='ocrx_word' id='word_1_153' title='bbox 492 2771 588 2835; x_wconf 78' lang='lat' dir='ltr'><strong>malit</strong></span> <span class='ocrx_word' id='word_1_154' title='bbox 601 2771 794 2836; x_wconf 81' lang='lat' dir='ltr'><strong>discrimine</strong></span> <span class='ocrx_word' id='word_1_155' title='bbox 809 2772 888 2835; x_wconf 80' lang='lat' dir='ltr'><strong>vitae</strong></span> 
     </span>
     <span class='ocr_line' id='line_1_25' title="bbox 143 2870 1228 2956; baseline 0.001 -23"><span class='ocrx_word' id='word_1_156' title='bbox 143 2870 211 2952; x_wconf 90' lang='lat' dir='ltr'><strong>Spe</strong></span> <span class='ocrx_word' id='word_1_157' title='bbox 225 2871 366 2954; x_wconf 74' lang='lat' dir='ltr'><strong>palmae:</strong></span> <span class='ocrx_word' id='word_1_158' title='bbox 388 2878 422 2936; x_wconf 83' lang='lat' dir='ltr'><strong>et</strong></span> <span class='ocrx_word' id='word_1_159' title='bbox 437 2872 555 2954; x_wconf 86' lang='lat' dir='ltr'><strong>populi</strong></span> <span class='ocrx_word' id='word_1_160' title='bbox 569 2871 692 2937; x_wconf 88' lang='lat' dir='ltr'><strong>dilecto</strong></span> <span class='ocrx_word' id='word_1_161' title='bbox 707 2874 856 2956; x_wconf 88' lang='lat' dir='ltr'><strong>principe</strong></span> <span class='ocrx_word' id='word_1_162' title='bbox 870 2872 951 2936; x_wconf 91' lang='lat' dir='ltr'><strong>nudi</strong></span> <span class='ocrx_word' id='word_1_163' title='bbox 1164 2872 1228 2934; x_wconf 75' lang='grc'><strong>000</strong></span> 
     </span>
     <span class='ocr_line' id='line_1_26' title="bbox 136 2971 843 3056; baseline 0.001 -21"><span class='ocrx_word' id='word_1_164' title='bbox 136 2971 324 3038; x_wconf 81' lang='lat' dir='ltr'><strong>&#39;Moerentes</strong></span> <span class='ocrx_word' id='word_1_165' title='bbox 334 2974 442 3036; x_wconf 82' lang='lat' dir='ltr'><strong>vicere</strong></span> <span class='ocrx_word' id='word_1_166' title='bbox 455 2991 583 3056; x_wconf 89' lang='lat' dir='ltr'><strong>preces,</strong></span> <span class='ocrx_word' id='word_1_167' title='bbox 593 2978 632 3036; x_wconf 89' lang='lat' dir='ltr'><strong>ut</strong></span> <span class='ocrx_word' id='word_1_168' title='bbox 645 2973 731 3055; x_wconf 79' lang='lat' dir='ltr'><strong>regis</strong></span> <span class='ocrx_word' id='word_1_169' title='bbox 744 2974 843 3036; x_wconf 89' lang='lat' dir='ltr'><strong>iniret</strong></span> 
     </span>
     <span class='ocr_line' id='line_1_27' title="bbox 142 3072 1001 3163; baseline -0.001 -27"><span class='ocrx_word' id='word_1_170' title='bbox 142 3072 322 3152; x_wconf 77' lang='lat' dir='ltr'><strong>Excubiae,</strong></span> <span class='ocrx_word' id='word_1_171' title='bbox 335 3075 519 3157; x_wconf 88' lang='lat' dir='ltr'><strong>molemque</strong></span> <span class='ocrx_word' id='word_1_172' title='bbox 534 3073 664 3139; x_wconf 81' lang='lat' dir='ltr'><strong>datam:</strong></span> <span class='ocrx_word' id='word_1_173' title='bbox 686 3081 798 3139; x_wconf 88' lang='lat' dir='ltr'><strong>monet</strong></span> <span class='ocrx_word' id='word_1_174' title='bbox 811 3075 885 3158; x_wconf 89' lang='lat' dir='ltr'><strong>ipse</strong></span> <span class='ocrx_word' id='word_1_175' title='bbox 900 3072 1001 3163; x_wconf 81' lang='lat' dir='ltr'><strong>futuri</strong></span> 
     </span>
    </p>
   </div>
   <div class='ocr_carea' id='block_1_5' title="bbox 629 3290 737 3342">
    <p class='ocr_par' dir='ltr' id='par_1_15' title="bbox 629 3290 737 3342">
     <span class='ocr_line' id='line_1_28' title="bbox 629 3290 737 3342; baseline 0 0"><span class='ocrx_word' id='word_1_176' title='bbox 629 3290 737 3342; x_wconf 73' lang='lat' dir='ltr'><strong>Now</strong></span> 
     </span>
    </p>
   </div>
   <div class='ocr_carea' id='block_1_6' title="bbox 138 3388 1282 3844">
    <p class='ocr_par' dir='ltr' id='par_1_16' title="bbox 138 3388 1282 3844">
     <span class='ocr_line' id='line_1_29' title="bbox 173 3388 1282 3466; baseline -0.013 -16"><span class='ocrx_word' id='word_1_177' title='bbox 173 3404 223 3450; x_wconf 79' lang='grc'><strong>480</strong></span> <span class='ocrx_word' id='word_1_178' title='bbox 240 3400 326 3450; x_wconf 73' lang='lat' dir='ltr'><strong>Procul</strong></span> <span class='ocrx_word' id='word_1_179' title='bbox 341 3401 419 3450; x_wconf 75' lang='lat' dir='ltr'><strong>exitur</strong></span> <span class='ocrx_word' id='word_1_180' title='bbox 433 3401 566 3456; x_wconf 63' lang='lat' dir='ltr'><strong>ceilam</strong></span> <span class='ocrx_word' id='word_1_181' title='bbox 583 3402 662 3466; x_wconf 66' lang='lat' dir='ltr'><strong>longe]</strong></span> <span class='ocrx_word' id='word_1_182' title='bbox 735 3403 784 3449; x_wconf 80' lang='grc'><strong>499</strong></span> <span class='ocrx_word' id='word_1_183' title='bbox 806 3395 901 3459; x_wconf 79' lang='lat' dir='ltr'><strong>Sceptn&#39;</strong></span> <span class='ocrx_word' id='word_1_184' title='bbox 920 3393 1028 3453; x_wconf 63' lang='lat' dir='ltr'><strong>dderm</strong></span> <span class='ocrx_word' id='word_1_185' title='bbox 1048 3388 1119 3452; x_wconf 79' lang='lat' dir='ltr'><strong>eniti]</strong></span> <span class='ocrx_word' id='word_1_186' title='bbox 1148 3392 1229 3439; x_wconf 64' lang='lat' dir='ltr'><strong>mee</strong></span> <span class='ocrx_word' id='word_1_187' title='bbox 1277 3408 1282 3417; x_wconf 93' lang='lat'><em>·</em></span> 
     </span>
     <span class='ocr_line' id='line_1_30' title="bbox 139 3469 979 3542; baseline -0.007 -17"><span class='ocrx_word' id='word_1_188' title='bbox 139 3478 216 3542; x_wconf 72' lang='lat' dir='ltr'><strong>Virg.</strong></span> <span class='ocrx_word' id='word_1_189' title='bbox 234 3491 273 3526; x_wconf 84' lang='lat' dir='ltr'><strong>rr.</strong></span> <span class='ocrx_word' id='word_1_190' title='bbox 290 3476 347 3526; x_wconf 78' lang='lat' dir='ltr'><strong>AEn.</strong></span> <span class='ocrx_word' id='word_1_191' title='bbox 366 3476 448 3525; x_wconf 83' lang='lat' dir='ltr'><strong>‘Tem</strong></span> <span class='ocrx_word' id='word_1_192' title='bbox 461 3476 520 3540; x_wconf 81' lang='lat' dir='ltr'><strong>quic</strong></span> <span class='ocrx_word' id='word_1_193' title='bbox 535 3490 584 3526; x_wconf 84' lang='lat' dir='ltr'><strong>nec</strong></span> <span class='ocrx_word' id='word_1_194' title='bbox 598 3475 664 3538; x_wconf 75' lang='lat' dir='ltr'><strong>fato,</strong></span> <span class='ocrx_word' id='word_1_195' title='bbox 705 3475 829 3537; x_wconf 62' lang='grc' dir='ltr'><strong>ἐπιτάφιον</strong></span> <span class='ocrx_word' id='word_1_196' title='bbox 839 3473 855 3533; x_wconf 79' lang='grc' dir='ltr'><em>ἡ</em></span> <span class='ocrx_word' id='word_1_197' title='bbox 865 3469 979 3537; x_wconf 67' lang='grc' dir='ltr'><strong><em>τυραννίς.</em></strong></span> 
     </span>
     <span class='ocr_line' id='line_1_31' title="bbox 138 3541 1228 3619; baseline -0.011 -14"><span class='ocrx_word' id='word_1_198' title='bbox 138 3557 232 3606; x_wconf 79' lang='lat' dir='ltr'><strong>merite</strong></span> <span class='ocrx_word' id='word_1_199' title='bbox 243 3571 292 3606; x_wconf 84' lang='lat' dir='ltr'><strong>nec</strong></span> <span class='ocrx_word' id='word_1_200' title='bbox 304 3564 388 3605; x_wconf 88' lang='lat' dir='ltr'><strong>morte</strong></span> <span class='ocrx_word' id='word_1_201' title='bbox 403 3554 513 3619; x_wconf 72' lang='lat' dir='ltr'><strong>peribat,</strong></span> <span class='ocrx_word' id='word_1_202' title='bbox 529 3554 580 3603; x_wconf 82' lang='lat' dir='ltr'><strong>Sed</strong></span> <span class='ocrx_word' id='word_1_203' title='bbox 591 3554 665 3602; x_wconf 76' lang='lat' dir='ltr'><strong>mire·</strong></span> <span class='ocrx_word' id='word_1_204' title='bbox 734 3556 782 3601; x_wconf 76' lang='grc'><strong>495</strong></span> <span class='ocrx_word' id='word_1_205' title='bbox 799 3545 1024 3612; x_wconf 73' lang='lat' dir='ltr'><strong>Seprernojmstne</strong></span> <span class='ocrx_word' id='word_1_206' title='bbox 1038 3541 1108 3606; x_wconf 78' lang='lat' dir='ltr'><strong>Vulc]</strong></span> <span class='ocrx_word' id='word_1_207' title='bbox 1124 3544 1228 3593; x_wconf 81' lang='lat' dir='ltr'><strong>Servios</strong></span> 
     </span>
     <span class='ocr_line' id='line_1_32' title="bbox 138 3619 1227 3692; baseline -0.011 -11"><span class='ocrx_word' id='word_1_208' title='bbox 138 3628 396 3692; x_wconf 77' lang='lat' dir='ltr'><strong>reentediem,&#39;&amp;c.</strong></span> <span class='ocrx_word' id='word_1_209' title='bbox 427 3628 560 3679; x_wconf 79' lang='lat' dir='ltr'><strong>Autenirn</strong></span> <span class='ocrx_word' id='word_1_210' title='bbox 577 3627 666 3691; x_wconf 70' lang='lat' dir='ltr'><strong>‘iarn’</strong></span> <span class='ocrx_word' id='word_1_211' title='bbox 704 3625 736 3676; x_wconf 86' lang='lat' dir='ltr'><strong>cd</strong></span> <span class='ocrx_word' id='word_1_212' title='bbox 752 3639 851 3673; x_wconf 81' lang='lat' dir='ltr'><strong>rcrenm</strong></span> <span class='ocrx_word' id='word_1_213' title='bbox 864 3622 1017 3686; x_wconf 74' lang='lat' dir='ltr'><strong>Virg.‘Sic,</strong></span> <span class='ocrx_word' id='word_1_214' title='bbox 1034 3619 1098 3669; x_wconf 79' lang='lat' dir='ltr'><strong>oric</strong></span> <span class='ocrx_word' id='word_1_215' title='bbox 1115 3621 1227 3683; x_wconf 83' lang='lat' dir='ltr'><strong>positum</strong></span> 
     </span>
     <span class='ocr_line' id='line_1_33' title="bbox 138 3693 1226 3769; baseline -0.011 -16"><span class='ocrx_word' id='word_1_216' title='bbox 138 3714 183 3755; x_wconf 81' lang='lat' dir='ltr'><strong>eut</strong></span> <span class='ocrx_word' id='word_1_217' title='bbox 194 3713 296 3769; x_wconf 79' lang='lat' dir='ltr'><strong>netum,</strong></span> <span class='ocrx_word' id='word_1_218' title='bbox 307 3713 352 3754; x_wconf 80' lang='lat' dir='ltr'><strong>rot</strong></span> <span class='ocrx_word' id='word_1_219' title='bbox 363 3719 424 3754; x_wconf 82' lang='lat' dir='ltr'><strong>cern</strong></span> <span class='ocrx_word' id='word_1_220' title='bbox 436 3705 595 3754; x_wconf 73' lang='lat' dir='ltr'><strong>moriunture</strong></span> <span class='ocrx_word' id='word_1_221' title='bbox 613 3718 665 3768; x_wconf 86' lang='lat' dir='ltr'><strong>quc</strong></span> <span class='ocrx_word' id='word_1_222' title='bbox 704 3699 775 3751; x_wconf 77' lang='lat' dir='ltr'><strong>clini</strong></span> <span class='ocrx_word' id='word_1_223' title='bbox 787 3699 912 3748; x_wconf 83' lang='lat' dir='ltr'><strong>discedite</strong></span> <span class='ocrx_word' id='word_1_224' title='bbox 924 3695 1037 3760; x_wconf 81' lang='lat' dir='ltr'><strong>corpus,&#39;</strong></span> <span class='ocrx_word' id='word_1_225' title='bbox 1055 3694 1111 3744; x_wconf 82' lang='lat' dir='ltr'><strong>AEn.</strong></span> <span class='ocrx_word' id='word_1_226' title='bbox 1123 3708 1153 3743; x_wconf 92' lang='grc' dir='ltr'><strong>ιι.</strong></span> <span class='ocrx_word' id='word_1_227' title='bbox 1172 3693 1226 3742; x_wconf 80' lang='lat' dir='ltr'><strong>‘ct&#39;-</strong></span> 
     </span>
     <span class='ocr_line' id='line_1_34' title="bbox 139 3770 1227 3844; baseline -0.009 -17"><span class='ocrx_word' id='word_1_228' title='bbox 139 3778 174 3827; x_wconf 81' lang='lat' dir='ltr'><strong>dc</strong></span> <span class='ocrx_word' id='word_1_229' title='bbox 185 3794 213 3828; x_wconf 82' lang='lat' dir='ltr'><strong>re</strong></span> <span class='ocrx_word' id='word_1_230' title='bbox 223 3780 330 3830; x_wconf 78' lang='lat' dir='ltr'><strong>Servius</strong></span> <span class='ocrx_word' id='word_1_231' title='bbox 341 3780 373 3828; x_wconf 79' lang='lat' dir='ltr'><strong>cd</strong></span> <span class='ocrx_word' id='word_1_232' title='bbox 386 3781 430 3829; x_wconf 77' lang='lat' dir='ltr'><strong>ills</strong></span> <span class='ocrx_word' id='word_1_233' title='bbox 441 3779 663 3844; x_wconf 71' lang='lat' dir='ltr'><strong>Virgilii,ethn·</strong></span> <span class='ocrx_word' id='word_1_234' title='bbox 704 3775 802 3832; x_wconf 80' lang='lat' dir='ltr'><strong>femini,</strong></span> <span class='ocrx_word' id='word_1_235' title='bbox 819 3783 849 3824; x_wconf 90' lang='lat' dir='ltr'><strong>ut</strong></span> <span class='ocrx_word' id='word_1_236' title='bbox 869 3774 922 3824; x_wconf 91' lang='lat' dir='ltr'><strong>dici</strong></span> <span class='ocrx_word' id='word_1_237' title='bbox 941 3773 1045 3822; x_wconf 85' lang='lat' dir='ltr'><strong>mortuis</strong></span> <span class='ocrx_word' id='word_1_238' title='bbox 1061 3772 1135 3831; x_wconf 81' lang='lat' dir='ltr'><strong>colet,</strong></span> <span class='ocrx_word' id='word_1_239' title='bbox 1152 3770 1227 3827; x_wconf 73' lang='lat' dir='ltr'><strong>Vale,</strong></span> 
     </span>
    </p>
   </div>
   <div class='ocr_carea' id='block_1_7' title="bbox 137 3844 1312 3919">
    <p class='ocr_par' dir='ltr' id='par_1_17' title="bbox 137 3844 1312 3919">
     <span class='ocr_line' id='line_1_35' title="bbox 137 3844 1312 3919; baseline -0.009 -16"><span class='ocrx_word' id='word_1_240' title='bbox 137 3853 304 3919; x_wconf 70' lang='lat' dir='ltr'><strong>niurflyllog.</strong></span> <span class='ocrx_word' id='word_1_241' title='bbox 318 3855 504 3905; x_wconf 61' lang='lat' dir='ltr'><strong>nltlirceidt.</strong></span> <span class='ocrx_word' id='word_1_242' title='bbox 518 3855 662 3906; x_wconf 74' lang='lat' dir='ltr'><strong>Caecubon.</strong></span> <span class='ocrx_word' id='word_1_243' title='bbox 704 3848 872 3915; x_wconf 80' lang='lat' dir='ltr'><strong>Vele,Vrle.&#39;</strong></span> <span class='ocrx_word' id='word_1_244' title='bbox 903 3849 946 3899; x_wconf 79' lang='lat' dir='ltr'><strong>lte</strong></span> <span class='ocrx_word' id='word_1_245' title='bbox 965 3847 1058 3897; x_wconf 76' lang='lat' dir='ltr'><strong>AEncm</strong></span> <span class='ocrx_word' id='word_1_246' title='bbox 1075 3858 1115 3894; x_wconf 77' lang='grc' dir='ltr'><strong>ιι.</strong></span> <span class='ocrx_word' id='word_1_247' title='bbox 1134 3844 1226 3894; x_wconf 77' lang='lat' dir='ltr'><strong>‘Scire</strong></span> <span class='ocrx_word' id='word_1_248' title='bbox 1306 3888 1312 3899; x_wconf 84' lang='lat'><strong>,</strong></span> 
     </span>
    </p>
   </div>
   <div class='ocr_carea' id='block_1_8' title="bbox 137 3918 1227 4221">
    <p class='ocr_par' dir='ltr' id='par_1_18' title="bbox 137 3918 1227 4221">
     <span class='ocr_line' id='line_1_36' title="bbox 139 3918 1227 3994; baseline -0.01 -16"><span class='ocrx_word' id='word_1_249' title='bbox 139 3927 175 3978; x_wconf 82' lang='lat' dir='ltr'><strong>cd</strong></span> <span class='ocrx_word' id='word_1_250' title='bbox 190 3928 266 3978; x_wconf 80' lang='lat' dir='ltr'><strong>Suet.</strong></span> <span class='ocrx_word' id='word_1_251' title='bbox 285 3943 304 3979; x_wconf 93' lang='grc' dir='ltr'><strong>ι.</strong></span> <span class='ocrx_word' id='word_1_252' title='bbox 325 3930 397 3980; x_wconf 85' lang='lat' dir='ltr'><strong>Dicit</strong></span> <span class='ocrx_word' id='word_1_253' title='bbox 413 3931 501 3994; x_wconf 79' lang='lat' dir='ltr'><strong>itrquc</strong></span> <span class='ocrx_word' id='word_1_254' title='bbox 519 3930 595 3993; x_wconf 65' lang='lat' dir='ltr'><strong>potu</strong></span> <span class='ocrx_word' id='word_1_255' title='bbox 612 3931 663 3979; x_wconf 68' lang='lat' dir='ltr'><strong>tale</strong></span> <span class='ocrx_word' id='word_1_256' title='bbox 704 3935 827 3976; x_wconf 65' lang='lat' dir='ltr'><strong>eternum</strong></span> <span class='ocrx_word' id='word_1_257' title='bbox 838 3924 908 3981; x_wconf 82' lang='lat' dir='ltr'><strong>mihi,</strong></span> <span class='ocrx_word' id='word_1_258' title='bbox 919 3923 1028 3972; x_wconf 76' lang='lat' dir='ltr'><strong>mcximc</strong></span> <span class='ocrx_word' id='word_1_259' title='bbox 1043 3919 1126 3975; x_wconf 82' lang='lat' dir='ltr'><strong>Pelle,</strong></span> <span class='ocrx_word' id='word_1_260' title='bbox 1143 3918 1227 3968; x_wconf 83' lang='lat' dir='ltr'><strong>AEtcr·</strong></span> 
     </span>
     <span class='ocr_line' id='line_1_37' title="bbox 137 3992 1225 4070; baseline -0.003 -19"><span class='ocrx_word' id='word_1_261' title='bbox 137 4002 273 4069; x_wconf 63' lang='lat' dir='ltr'><strong>quidun</strong></span> <span class='ocrx_word' id='word_1_262' title='bbox 286 4012 377 4068; x_wconf 77' lang='lat' dir='ltr'><strong>morte,</strong></span> <span class='ocrx_word' id='word_1_263' title='bbox 388 4014 417 4055; x_wconf 88' lang='lat' dir='ltr'><strong>nt</strong></span> <span class='ocrx_word' id='word_1_264' title='bbox 433 4005 532 4055; x_wconf 76' lang='lat' dir='ltr'><strong>Seneca</strong></span> <span class='ocrx_word' id='word_1_265' title='bbox 543 4005 663 4070; x_wconf 87' lang='lat' dir='ltr'><strong>loquitur,</strong></span> <span class='ocrx_word' id='word_1_266' title='bbox 702 4015 814 4065; x_wconf 82' lang='lat' dir='ltr'><strong>numque</strong></span> <span class='ocrx_word' id='word_1_267' title='bbox 837 3998 910 4049; x_wconf 83' lang='lat' dir='ltr'><strong>vnlc.&#39;</strong></span> <span class='ocrx_word' id='word_1_268' title='bbox 953 3996 1021 4045; x_wconf 81' lang='lat' dir='ltr'><strong>Vide</strong></span> <span class='ocrx_word' id='word_1_269' title='bbox 1040 3994 1074 4044; x_wconf 81' lang='lat' dir='ltr'><strong>de</strong></span> <span class='ocrx_word' id='word_1_270' title='bbox 1095 3992 1225 4044; x_wconf 71' lang='lat' dir='ltr'><strong>funeribus</strong></span> 
     </span>
     <span class='ocr_line' id='line_1_38' title="bbox 138 4069 1225 4144; baseline -0.006 -20"><span class='ocrx_word' id='word_1_271' title='bbox 138 4079 180 4128; x_wconf 75' lang='lat' dir='ltr'><strong>vel</strong></span> <span class='ocrx_word' id='word_1_272' title='bbox 193 4081 312 4144; x_wconf 70' lang='lat' dir='ltr'><strong>neutrali,</strong></span> <span class='ocrx_word' id='word_1_273' title='bbox 321 4090 350 4131; x_wconf 82' lang='grc' dir='ltr'><strong>ιιι</strong></span> <span class='ocrx_word' id='word_1_274' title='bbox 360 4082 470 4135; x_wconf 70' lang='lat' dir='ltr'><strong>Plinius,</strong></span> <span class='ocrx_word' id='word_1_275' title='bbox 483 4094 532 4129; x_wconf 79' lang='lat' dir='ltr'><strong>non</strong></span> <span class='ocrx_word' id='word_1_276' title='bbox 547 4088 586 4129; x_wconf 69' lang='lat' dir='ltr'><strong>eet</strong></span> <span class='ocrx_word' id='word_1_277' title='bbox 597 4092 663 4129; x_wconf 72' lang='lat' dir='ltr'><strong>mor·</strong></span> <span class='ocrx_word' id='word_1_278' title='bbox 702 4075 904 4123; x_wconf 80' lang='lat' dir='ltr'><strong>Kirchurrnnnm</strong></span> <span class='ocrx_word' id='word_1_279' title='bbox 913 4085 957 4121; x_wconf 93' lang='grc' dir='ltr'><strong>ιιι.</strong></span> <span class='ocrx_word' id='word_1_280' title='bbox 969 4076 994 4120; x_wconf 88' lang='grc'><strong>9.</strong></span> <span class='ocrx_word' id='word_1_281' title='bbox 1005 4070 1049 4134; x_wconf 81' lang='lat' dir='ltr'><strong>qni</strong></span> <span class='ocrx_word' id='word_1_282' title='bbox 1060 4069 1103 4117; x_wconf 83' lang='lat' dir='ltr'><strong>ille</strong></span> <span class='ocrx_word' id='word_1_283' title='bbox 1112 4084 1144 4117; x_wconf 79' lang='lat' dir='ltr'><strong>ex</strong></span> <span class='ocrx_word' id='word_1_284' title='bbox 1154 4069 1225 4118; x_wconf 78' lang='lat' dir='ltr'><strong>Bris-</strong></span> 
     </span>
     <span class='ocr_line' id='line_1_39' title="bbox 137 4145 1225 4221; baseline -0.008 -19"><span class='ocrx_word' id='word_1_285' title='bbox 137 4164 207 4215; x_wconf 81' lang='lat' dir='ltr'><strong>tuus,</strong></span> <span class='ocrx_word' id='word_1_286' title='bbox 215 4153 261 4202; x_wconf 80' lang='lat' dir='ltr'><strong>sed</strong></span> <span class='ocrx_word' id='word_1_287' title='bbox 272 4155 392 4221; x_wconf 74' lang='lat' dir='ltr'><strong>violente,</strong></span> <span class='ocrx_word' id='word_1_288' title='bbox 402 4156 441 4206; x_wconf 74' lang='lat' dir='ltr'><strong>rel</strong></span> <span class='ocrx_word' id='word_1_289' title='bbox 452 4155 494 4206; x_wconf 75' lang='lat' dir='ltr'><strong>eir</strong></span> <span class='ocrx_word' id='word_1_290' title='bbox 506 4151 554 4213; x_wconf 61' lang='lat' dir='ltr'><strong>etp</strong></span> <span class='ocrx_word' id='word_1_291' title='bbox 562 4151 662 4215; x_wconf 60' lang='lat' dir='ltr'><strong>eosdm,</strong></span> <span class='ocrx_word' id='word_1_292' title='bbox 701 4150 765 4198; x_wconf 83' lang='lat' dir='ltr'><strong>socii</strong></span> <span class='ocrx_word' id='word_1_293' title='bbox 784 4162 844 4198; x_wconf 86' lang='grc' dir='ltr'><strong>ιιιι.</strong></span> <span class='ocrx_word' id='word_1_294' title='bbox 863 4147 895 4197; x_wconf 85' lang='lat' dir='ltr'><strong>dc</strong></span> <span class='ocrx_word' id='word_1_295' title='bbox 918 4145 1034 4197; x_wconf 84' lang='lat' dir='ltr'><strong>formulis</strong></span> <span class='ocrx_word' id='word_1_296' title='bbox 1045 4160 1070 4209; x_wconf 84' lang='lat' dir='ltr'><strong>p.</strong></span> <span class='ocrx_word' id='word_1_297' title='bbox 1082 4148 1138 4195; x_wconf 78' lang='lat' dir='ltr'><strong>m.</strong></span> <span class='ocrx_word' id='word_1_298' title='bbox 1155 4155 1225 4195; x_wconf 80' lang='lat' dir='ltr'><strong>tren-</strong></span> 
     </span>
    </p>
   </div>
   <div class='ocr_carea' id='block_1_9' title="bbox 135 4225 810 4293">
    <p class='ocr_par' dir='ltr' id='par_1_19' title="bbox 135 4225 810 4293">
     <span class='ocr_line' id='line_1_40' title="bbox 135 4225 810 4293; baseline -0.009 -15"><span class='ocrx_word' id='word_1_299' title='bbox 135 4230 311 4293; x_wconf 67' lang='lat' dir='ltr'><strong>impepe&#39;rp.</strong></span> <span class='ocrx_word' id='word_1_300' title='bbox 700 4225 810 4288; x_wconf 76' lang='lat' dir='ltr'><strong>scripsit.</strong></span> 
     </span>
    </p>
   </div>
   <div class='ocr_carea' id='block_1_10' title="bbox 0 0 1540 4922">
    <p class='ocr_par' dir='ltr' id='par_1_20' title="bbox 0 0 1540 4922">
     <span class='ocr_line' id='line_1_41' title="bbox 0 0 1540 4922; baseline 0 4"><span class='ocrx_word' id='word_1_301' title='bbox 0 0 1540 4922; x_wconf 95' lang='lat' dir='ltr'><strong> </strong></span> 
     </span>
    </p>
   </div>
  </div>
 </body>
</html>
