3034 4928
295 415 317 482 8
360 380 367 397 ’
641 426 830 478 sosarnus
852 426 1039 503 scaurum

295 554 382 639 trina
402 569 502 654 primi
516 569 591 634 libri
606 570 730 634 scimus
754 568 957 633 Neomenias
982 568 1059 633 anni
1075 567 1189 632 Graeci
1206 569 1380 652 populeris
1505 528 1506 593 ἶ

296 671 470 755 pervagari
484 689 630 734 mensem
645 671 807 751 integrum
828 670 864 732 iu
885 668 1150 733 formaJullana.
1195 668 1380 732 Hecatom·
1505 682 1506 715 2

191 786 198 800 ·
293 768 403 847 breon,
418 771 510 837 verbi
525 772 641 853 gratia,
653 769 834 853 aliqnando
850 767 967 832 incidit
975 770 1009 832 iu
1026 758 1064 831 x'.
1086 767 1109 830 J
1111 766 1183 843 ulii,
1198 768 1378 850 aliquando
1505 796 1506 831 ;

296 872 332 936 iu
343 888 394 937 vr.
409 870 565 952 Augusti.
609 871 712 952 igitur
726 869 822 934 sidus
835 870 927 953 quod
945 886 1085 951 vespere
1099 867 1293 931 Neomenias
1308 868 1381 931 He·
1505 858 1506 863 ’

297 972 535 1035 catombaeouis
543 973 655 1049 oritur,
669 970 702 1033 in
716 971 824 1053 primo
838 987 925 1032 anuo
942 968 1066 1050 periodi
1074 967 1208 1043 Atticae,
1221 985 1284 1028 nou
1299 967 1381 1029 orie·

296 1076 350 1132 tur
364 1071 398 1133 in
412 1070 531 1134 eadem
548 1069 582 1137 N
584 1070 749 1147 eumenia,
765 1068 897 1152 quando
920 1068 1186 1133 Hecatombaeou
1200 1067 1264 1130 erit
1279 1067 1313 1128 in
1329 1082 1379 1129 vr.

297 1166 454 1252 Augusti.
496 1169 679 1252 Propterea
693 1168 937 1251 Parapegmata
952 1167 995 1230 ab
1010 1166 1190 1230 artificibus
1204 1164 1381 1246 proposita

299 1278 403 1347 erant,
424 1290 467 1334 ue
488 1271 609 1351 vulgus
632 1270 666 1333 in
688 1269 804 1333 eadem
821 1264 1005 1332 Neomenia
1028 1285 1158 1348 semper
1179 1265 1265 1328 idem
1287 1264 1381 1328 sidus

299 1371 377 1434 oriri
391 1376 452 1435 aut
465 1370 616 1435 occidere
631 1373 777 1453 putaret.
821 1366 922 1447 Quod
938 1375 1049 1432 tamen
1064 1368 1180 1448 vulgus
1191 1365 1398 1446 negligebat

300 1469 386 1534 adeo
411 1475 449 1535 ut
463 1470 600 1553 quidam
624 1470 704 1533 duic
714 1468 805 1551 apud
831 1468 1022 1551 Polybium,
1038 1487 1113 1531 cum
1128 1464 1172 1530 ad
1187 1471 1304 1539 ortum,
1325 1472 1383 1528 aut

301 1590 459 1636 occasum
475 1571 647 1635 Pleiadum
663 1569 745 1655 (uon
759 1571 892 1634 memini
915 1579 1020 1633 utrum
1041 1568 1151 1644 ilrerit)
1165 1567 1383 1642 condixisset,

297 1690 367 1736 non
382 1672 471 1735 veuit
484 1671 528 1735 ad
543 1671 768 1736 constitutum.
796 1670 916 1735 Falsus
930 1672 1080 1735 nimirum
1095 1666 1279 1732 desultorio
1294 1684 1383 1728 men·

299 1772 385 1836 sium
400 1772 484 1852 situ3
506 1791 604 1854 quem
614 1789 680 1834 non
690 1770 965 1835 consideraverat.
1008 1769 1098 1833 Duae
1112 1768 1210 1849 igitur
1224 1766 1265 1829 de
1281 1771 1383 1847 capto
1403 1758 1409 1771 ”

300 1871 367 1937 Ilio
381 1872 575 1953 generaliter
586 1877 661 1937 snut
676 1872 856 1936 sententiae.
900 1868 1045 1949 Quidam
1060 1869 1146 1933 enim
1162 1866 1274 1930 multis
1287 1865 1384 1928 annis

300 1990 403 2055 supra
423 1972 680 2055 quadringentos
706 1978 781 2036 ante
810 1970 951 2053 primam
980 1968 1213 2054 Olympiadem
1245 1971 1385 2049 ponunt

301 2069 373 2135 Alii
398 2078 520 2155 praeter
544 2072 811 2155 quadringentos,
827 2078 916 2146 octo,
936 2076 1074 2153 septem,
1088 2089 1161 2146 sex,
1181 2073 1214 2132 et
1235 2067 1384 2149 quinque

301 2177 426 2237 tautum
442 2179 592 2257 ponunt.
608 2173 741 2237 Horum
750 2179 878 2236 tantum
887 2172 985 2235 nobie
993 2169 1146 2235 habenda
1156 2169 1253 2257 ratio,
1268 2173 1302 2231 et
1311 2167 1385 2250 qui·

301 2271 378 2336 dem
395 2273 479 2338 iuter
491 2292 550 2338 eos
564 2293 688 2351 eorum,
699 2275 756 2357 qui
770 2271 884 2337 Attica
899 2273 1125 2355 scripserunt:
1148 2270 1290 2352 quonlm
1301 2285 1386 2331 uuus

301 2390 484 2437 consensus
499 2374 600 2438 estin
613 2394 725 2437 mense
735 2380 772 2437 et
786 2373 840 2438 die
851 2373 983 2436 mensis.
1028 2370 1153 2443 Omnes
1167 2370 1261 2439 enim,
1271 2374 1387 2451 &pya-
1463 2424 1471 2439 ,
1494 2398 1498 2405 =

302 2469 485 2556 λιῶνοςδγδόῃ
500 2469 636 2544 aarum
658 2471 722 2535 hoc
736 2472 911 2552 contigisse
920 2471 1046 2536 dicunt.
1090 2470 1130 2533 In
1150 2467 1245 2531 anuis
1259 2466 1386 2533 Tetrat-

302 2571 422 2635 teridis
436 2558 572 2636 variant'.
615 2572 744 2654 Vulgus
766 2570 853 2635 solet
866 2570 1014 2636 dividere
1029 2587 1172 2634 mensem
1187 2567 1335 2631 lunarem
1350 2568 1386 2632 iu

301 2670 518 2750 novilunium,
532 2672 708 2755 septimam
729 2674 853 2747 lunam,
867 2672 1093 2756 plenilunium,
1117 2677 1152 2734 et
1174 2669 1350 2751 septimam
1364 2688 1388 2733 a

303 2770 385 2835 flue:
397 2790 482 2855 quas
493 2772 675 2836 divisiones
685 2773 885 2855 quadrantes
899 2771 989 2837 lunae
1006 2779 1148 2836 vocant:
1162 2770 1258 2834 aliter
1266 2776 1387 2833 vocant

303 2871 456 2952 primam,
492 2872 681 2955 septimam,
703 2872 1023 2956 quintamdecimam,
1048 2873 1241 2936 vicesimam
1268 2888 1387 2934 secuu-

305 2968 392 3035 dam.
435 2970 549 3036 Graeci
572 2970 738 3058 Φνγγᾶρννν,
757 2970 911 3058 dexippo,
942 2970 1119 3048 πανσέληνον,
1142 2954 1283 3055 dexippo
1306 2967 1388 3033 iuri·

304 3092 367 3153 ραν.
410 3069 479 3134 Hae
493 3077 633 3154 quatuor
653 3074 779 3137 lunaris
799 3073 919 3137 mensis
940 3072 1126 3137 divisiones
1148 3071 1278 3136 suntin
1300 3072 1387 3137 vioe-

304 3169 392 3235 sima
406 3171 517 3249 tertia,
531 3173 604 3236 sive
619 3170 703 3258 ὀγδόῃ
716 3170 849 3254 eilmerus
865 3180 1069 3258 Θαργηλιῶνος.

299 3272 319 3303 ’·
348 3270 463 3335 Primo
488 3271 615 3357 quippe
627 3290 715 3337 anno
730 3272 976 3351 Tetraeteridos,
997 3273 1158 3338 vicesima
1173 3272 1269 3337 tertia
1282 3271 1387 3335 Thar-

305 3371 454 3452 gelionos
477 3377 529 3436 est
549 3374 657 3456 prima
678 3373 770 3452 luna,
793 3374 828 3437 in
852 3375 999 3440 secundo
1013 3394 1099 3439 anuo
1119 3381 1173 3438 est
1186 3373 1338 3455 septima,
1353 3374 1388 3439 in
1505 3420 1506 3427 ν

304 3470 402 3535 tertio
427 3476 478 3534 est
503 3474 734 3554 plenilunium,
758 3476 793 3539 in
815 3484 936 3559 quarto
957 3483 1010 3541 est
1033 3464 1202 3540 'vicesima
1230 3473 1387 3541 secunda.

307 3569 437 3633 Rursus
463 3569 498 3632 in
519 3572 680 3638 vicesima
705 3580 802 3642 tertia
821 3576 1060 3660 Thargelionos
1083 3576 1161 3641 anni
1184 3574 1294 3665 primi,
1308 3574 1388 3638 luna

305 3668 432 3734 occidit
451 3668 564 3734 statim
588 3690 737 3754 vespere.
779 3677 821 3740 In
844 3696 929 3741 anno
953 3676 1114 3752 secondo,
1130 3673 1255 3740 oceidit
1279 3674 1389 3739 media

308 3777 414 3834 nacte.
452 3771 493 3834 Iu
506 3789 592 3835 auno
606 3773 717 3851 tertio,
732 3795 792 3858 per
803 3782 904 3841 totam
918 3786 1053 3844 noctem
1067 3779 1169 3842 lucet.
1200 3774 1238 3837 ln
1254 3781 1388 3856 quarto,

306 3870 412 3949 oritur
425 3889 447 3934 a
467 3871 579 3935 media
592 3870 703 3938 noc'te.
747 3873 818 3954 Qui
840 3877 937 3960 igitm
948 3880 1024 3944 408.
1039 3878 1136 3943 annis
1155 3883 1231 3939 ante
1246 3876 1389 3957 primam

306 3967 538 4055 Olympiadem
558 3977 693 4055 captura
715 3975 804 4040 Ilion
826 3979 953 4056 volunt,
979 3977 1173 4044 necessario
1181 3993 1269 4039 anuo
1291 3975 1390 4039 tertio

305 4068 545 4135 Tetrmteridos
566 4072 629 4137 hoc
646 4077 828 4158 conugisee
843 4080 968 4143 volunt.
1014 4080 1103 4144 Nam
1121 4077 1194 4142 408
1211 4074 1288 4139 anui
1304 4080 1390 4141 retro

307 4171 414 4252 putati
438 4170 638 4238 desinentia
654 4177 708 4241 49.
726 4197 848 4246 anunm
862 4181 993 4266 periodi
1009 4179 1208 4264 Olympicac,
1222 4175 1391 4258 siquidem
