3034 4928
401 416 452 468 BR
474 414 653 467 HlS'l'ORlA
679 416 791 465 tttthm
815 416 991 468 unctam.
1197 409 1239 477 ὦ

113 570 267 635 idcirco
282 569 434 653 suspicer
454 568 569 646 lania,
585 566 744 633 -dbellum
756 566 856 646 hunc,
870 569 930 652 qui
955 574 1083 635 tantam
1098 589 1170 654 pree
1197 592 1237 639 so

126 672 266 739 ferebat
275 661 529 755 antiquitatem
539 674 576 735 et
596 670 633 733 in
647 688 716 753 quo
739 669 833 735 varia
846 669 1032 736 ¹Historicra
1051 671 1132 737 fidei
1146 691 1236 755 praa·

127 778 226 836 textu
242 777 472 849 memorantur
485 768 826 848 oracula‚'vaticinia',
848 770 1012 855 prodigia,
1026 780 1147 837 eventu
1173 794 1235 847 suo

128 873 277 951 firmata,
291 872 401 937 mults
415 871 520 936 etiam
531 866 702 937 'vindictae
724 872 875 937 Deorum
891 870 1106 937 Ethuicoru'm
1121 873 1234 940 inim·

126 968 209 1056 pios
223 978 257 1037 st
269 974 330 1037 sui
342 978 573 1040 contemtores
586 972 754 1057 exempla,
768 973 874 1039 veluti
888 974 924 1038 in
940 971 1237 1058 Agamemnonem,

125 1075 189 1159 qui
210 1074 343 1140 Dianas
357 1093 498 1157 capram
507 1072 631 1157 Jaculis
644 1073 844 1140 confixerat:
866 1074 900 1138 iu
916 1072 1071 1154 Graecos,
1087 1074 1234 1161 chrysen

124 1174 345 1241 sacerdotem
360 1174 530 1258 Apollinis
544 1179 781 1258 aspamantes:
804 1177 839 1239 iu
860 1174 978 1253 Parin,
993 1176 1054 1260 qui
1067 1175 1234 1243 Achillem

124 1275 171 1340 ad
184 1294 287 1340 arasa
299 1274 475 1358 Apollinis
487 1275 673 1341 occideratr
695 1275 729 1340 in
741 1275 883 1341 Graecos
904 1277 1036 1357 iterum,
1051 1279 1166 1373 omnia
1179 1298 1235 1344 aa·

127 1394 189 1440 cra
200 1375 363 1440 incendio
376 1374 527 1460 licjsno
541 1375 722 1455 violantes,
736 1375 831 1442 illum
846 1396 925 1461 crgo
947 1379 1095 1444 libellum
1110 1397 1133 1444 a
1147 1378 1234 1463 Sep·

126 1477 229 1541 timio
250 1483 334 1541 tunc
355 1469 398 1540 eo
418 1476 635 1559 potissimum
661 1478 774 1543 animo
803 1496 950 1571 versum,
965 1487 1004 1544 nt
1017 1479 1122 1547 veluti
1147 1482 1234 1547 snti-

125 1576 290 1660 qnissimi
300 1578 465 1659 temporis
478 1577 628 1657 historia,
645 1580 689 1644 ab
710 1579 847 1644 homine
858 1582 1004 1647 omnium
1018 1600 1128 1648 rernm
1143 1588 1232 1655 msto

125 1687 163 1745 ct
175 1678 316 1747 arbitro.
328 1678 536 1762 conscripta,
550 1697 592 1743 ac
614 1679 762 1745 Deorum
783 1678 998 1747 Ethuicurum
1020 1682 1231 1766 majestatem

126 1783 163 1841 et
176 1778 375 1861 <potentiam
402 1786 456 1843 tot
479 1780 645 1863 exemplis
668 1800 836 1859 asserens,
859 1780 1024 1848 Historias
1052 1783 1168 1849 Sacrae
1194 1792 1232 1849 et

128 1877 339 1944 Christianis
361 1881 399 1943 in
420 1879 520 1944 Italia
543 1897 585 1945 ac
605 1880 688 1944 urbe
703 1879 814 1946 Roma
829 1889 1064 1964 opponeretur.
1104 1881 1160 1949 Ac
1172 1902 1230 1949 ne-

129 1980 205 2044 scio
235 2000 281 2044 an
303 1980 373 2045 tale
392 1980 477 2064 quid
498 1980 533 2045 in
554 1979 622 2045 tine
644 1979 809 2064 Epistola
836 1982 1053 2066 Septimianae
1072 1983 1230 2066 extiterit,

132 2081 228 2163 quod
239 2081 368 2146 liutadi
382 2081 541 2166 deinceps
557 2081 739 2147 Christiani
752 2083 904 2150 consulto
918 2085 1098 2151 omiserint.
1133 2084 1230 2155 Carta

129 2182 261 2265 aliquid
276 2183 375 2248 isthic
404 2183 558 2247 extitisse
584 2182 726 2261 videtur,
750 2184 843 2268 quod
858 2185 907 2251 ,iu
935 2183 1072 2265 legendo
1099 2186 1230 2269 Dictyn

132 2282 320 2363 Sepdinim
340 2280 499 2351 Rufinum
525 2290 560 2355 et
587 2283 675 2348 alios
696 2283 847 2353 lectores
873 2286 1091 2369 potissimum
1113 2295 1230 2357 notaio

135 2381 300 2451 soluerit.

180 2497 341 2549 xxxiii.
364 2481 576 2570 Quapropter
593 2485 683 2557 haud
695 2485 747 2553 ita
758 2485 861 2555 facile
875 2486 1072 2552 accesserim
1086 2485 1226 2570 vossio,

131 2585 191 2667 nui
212 2584 415 2668 Septimium
436 2587 595 2653 ‘seculis
616 2589 748 2672 aliquot
774 2595 858 2672 post
879 2586 1088 2655 Constantini
1114 2608 1226 2659 aarum

129 2685 262 2751 vixisse
274 2685 415 2764 emisi:
433 2688 495 2752 sed
510 2689 611 2754 nullis
634 2688 734 2773 plane
757 2689 945 2759 rationibus
964 2688 1002 2755 in
1015 2687 1164 2761 mediam
1176 2690 1228 2757 al·
1296 2758 1304 2770 ,

125 2784 221 2855 latis-
259 2785 379 2851 Josias
389 2787 570 2853 dierectus
588 2796 672 2871 post
687 2787 942 2854 Constantinum
961 2807 1096 2874 quoque
1122 2794 1250 2881 scrip*¹

128 2886 218 2951 aissa
231 2892 342 2971 putat,
354 2888 418 2952 sed
433 2888 523 2954 futili
534 2908 674 2973 prorsus
688 2896 892 2972 argumento,
907 2890 990 2975 quia
1002 2892 1080 2957 scil.
1093 2893 1129 2957 in
1143 2892 1226 2961 Pro·

126 2984 206 3071 logo
226 2989 314 3056 liber
331 2988 432 3055 hicce
451 2994 603 3073 tempore
616 2988 652 3055 N
654 2990 768 3055 aronis
780 2991 935 3057 inventas
947 2990 995 3056 ad
1011 2990 1122 3060 Cretae
1137 2991 1226 3063 con·
1285 3061 1291 3067 ,

124 3088 275 3157 ruhtem
299 3089 453 3173 perlatus
477 3089 609 3169 dicitur,
622 3089 952 3174 quaeConsularium
974 3093 1009 3159 in
1031 3092 1226 3163 Provinciis

123 3188 317 3272 appellatio
328 3208 354 3255 a
366 3188 584 3277 Constantino
597 3191 641 3257 sit
651 3191 812 3276 prosecta.
856 3191 926 3257 Sed
939 3191 1061 3258 salsum
1074 3191 1227 3259 hocesae

125 3288 245 3354 multia
276 3290 434 3374 probarit
468 3289 616 3357 Mercari
631 3311 730 3375 gener
764 3292 929 3358 claudius
964 3290 1156 3356 Salmasius
1181 3293 1227 3359 ad

127 3387 299 3471 Spartiani
317 3389 531 3457 Hadrianum
554 3413 585 3460 c.
598 3393 653 3459 22,
676 3401 713 3459 et
730 3392 803 3476 J'am
816 3397 893 3457 ante
905 3390 996 3455 hunc
1009 3388 1123 3455 Guido
1137 3391 1226 3460 Pan·

127 3487 271 3553 cirollus
283 3488 327 3553 ud
341 3489 506 3559 Notitiam
521 3490 662 3576 Imperii
678 3491 827 3561 Orientis
841 3491 916 3556 lde.

169 3601 359 3653 xxxviii
379 3589 494 3675 Longe
508 3601 620 3659 autern
636 3593 768 3678 turpius
781 3611 818 3657 se
830 3591 931 3661 dedit
937 3591 1001 3658 linc
1015 3592 1052 3661 in
1064 3613 1100 3660 re
1111 3597 1223 3682 Gasp.

121 3690 318 3773 Scioppius
346 3687 536 3760 Paradoxis
557 3694 735 3761 litterariis
761 3692 827 3778 Ep
839 3697 871 3761 d.
893 3694 950 3760 nbi
970 3696 1056 3763 lianc
1077 3699 1224 3783 Diatyos

122 3786 344 3870 Historiaw
355 3792 402 3856 ad
417 3792 606 3861 Cornelim
620 3794 790 3880 Nepotem
804 3801 839 3861 et
851 3796 927 3880 ejus
940 3797 1019 3880 styli
1034 3797 1227 3866 similitudi·

123 3909 207 3954 nem
231 3891 385 3973 proxime
408 3893 591 3971 accadorc'
611 3896 673 3974 ait,
687 3900 755 3963 et‘
766 3896 904 3961 omnino
933 3892 1070 3974 velleii.
1094 3896 1225 3967 Valerii

119 3989 287 4069 Maximi,
301 3997 334 4057 et
347 3992 455 4060 Curtii
466 4001 566 4061 astate
587 3997 632 4062 ab
646 3996 843 4080 elegantis
834 3995 1223 4084 ingeniiliomiuascrip·

116 4089 215 4160 tain'
228 4093 412 4160 contendit.
460 4094 604 4163 Videtur
617 4117 694 4181 erge
708 4103 745 4163 et
755 4098 815 4162 ille
825 4097 1053 4178 existimasse,
1066 4116 1132 4166 non
1144 4114 1223 4169 esse

115 4210 333 4267 amma
355 4193 497 4276 'Gracc
510 4198 573 4267 sed
600 4200 721 4269 Latine
745 4199 901 4285 primitus
923 4199 1157 4287 compositam,
1184 4199 1223 4270 id
