3076 4918
432 420 483 470 ns
507 420 649 473 naonis
663 417 874 483 ,oscarensi¹
895 406 956 471 tac.
1179 407 1244 473 641

153 560 254 638 dieas,
278 571 310 624 et
323 560 378 624 (las
389 560 457 643 plus
469 562 601 624 illumne
616 560 713 624 Honos
728 561 767 623 da
780 560 956 642 l'Antiqnita
979 578 1116 643 payanna
1130 581 1183 642 per
1201 564 1247 625 Μ.

153 661 326 741 110003,οὺ
337 658 397 719 l'on
408 657 464 719 tait
477 658 542 720 vois
551 676 611 738 que
623 658 653 719 le
666 657 767 733 Culte,
784 658 830 719 las
845 658 1007 738 Mystarea
1018 655 1063 719 les
1078 659 1246 736 Sacrificat,

151 766 184 816 et
197 756 242 816 les
254 764 356 817 autres
370 754 569 823 ceremonias
584 754 625 816 dn
640 753 820 837 Paganiame
842 773 880 814 ne
894 763 965 815 sont
986 774 1045 834 qna
1065 754 1120 815 des
1144 757 1246 837 copies

152 851 334 930 importnites
358 848 397 909 da
420 849 573 937 l'lliatoire
597 838 704 925 sainte,
727 850 868 919 Daretem
883 848 1001 910 Gallica
1014 867 1102 928 prosa
1114 861 1243 914 verterat

153 945 266 1008 saeculo
282 947 346 1026 jam
367 945 573 1008 tertiodecimo
597 944 782 1007 Gototredos
806 945 845 1006 da
858 943 1068 1018 Wateriordia,
1087 946 1247 1023 Hibernas,

154 1043 230 1104 Ord.
244 1041 492 1104 Praedicatorum.
506 1043 584 1103 Vide
597 1043 666 1104 lac.
681 1042 851 1103 Echardnm
864 1040 902 1103 de
920 1040 1111 1122 scriptoribus
1125 1042 1247 1106 Ordinis

155 1138 345 1199 Dominioani
359 1139 393 1199 Τ.
411 1158 435 1199 1.
449 1160 480 1219 p.
493 1140 565 1198 467.
606 1140 676 1199 Non
691 1137 898 1211 omittendum,
922 1130 1003 1218 qnod
1017 1138 1114 1200 Dares
1128 1137 1247 1202 Gallico

154 1232 244 1295 etiarn
256 1243 350 1295 metro
363 1235 502 1296 astrictus
516 1244 599 1296 estat
618 1236 649 1295 in
672 1234 776 1296 codice
800 1234 904 1295 seculi
929 1254 995 1296 xm.
1019 1236 1245 1297 membranaceo

155 1330 351 1392 Bibliothecae
364 1330 568 1392 Ambrosianoe
579 1331 826 1392 Mediolanensis.
845 1328 921 1391 Vide
933 1330 971 1388 V.
983 1330 1021 1390 C.
1032 1330 1197 1392 Bernhardi
1207 1333 1246 1393 da

156 1427 353 1488 Mantiancon
372 1426 506 1487 Dianium
524 1427 660 1489 Italicum
673 1448 702 1508 p.
720 1428 768 1488 19.
791 1425 1093 1507 etPalasographiam
1108 1429 1247 1490 Groecam

155 1542 187 1603 p.
202 1525 270 1583 138.
284 1521 437 1583 ubihabes
447 1543 550 1584 versus
561 1522 705 1604 quosdam
714 1521 895 1602 metaphrasi
910 1522 953 1582 illi
967 1523 1145 1602 praemissos.
1168 1526 1250 1587 Con·

154 1616 280 1678 ferenda
299 1616 402 1680 itidem
415 1618 546 1679 Historia
558 1619 687 1699 Trojano
711 1617 822 1699 scripta
833 1636 853 1676 a
865 1615 1006 1679 Gnidone
1031 1619 1070 1680 de
1083 1621 1243 1697 Columna,

155 1712 359 1786 lineamenti,
369 1732 398 1774 s.
412 1713 552 1776 (3.1887.
567 1723 658 1795 atque
672 1712 753 1774 edita
762 1712 936 1791 Argentinoe
949 1714 1037 1775 1486.
1053 1717 1249 1780 0114811101.

156 1809 293 1888 Utraque
306 1808 395 1870 editio
409 1810 448 1871 ad
462 1829 568 1872 manus
581 1809 652 1870 mihi
667 1818 724 1870 est.
753 1808 877 1890 Incipit:
900 1816 910 1843 ‘
925 1807 1009 1870 Licet
1021 1811 1130 1874 cotidie
1149 1824 1251 1876 vetera

157 1905 327 1967 recentibus
340 1906 522 1968 obruantur!
561 1907 596 1967 ln
618 1906 681 1986 ejus
703 1904 828 1986 prologo
852 1904 918 1966 hmo
939 1907 1030 1967 verba
1043 1907 1194 1988 leguntur,
1218 1911 1250 1970 in

155 2003 264 2082 quibus
287 2001 410 2064 Latium
423 2003 548 2085 Dictyos
562 2003 707 2084 interpres
721 2002 814 2062 multa
827 2000 927 2063 Graeci
942 2002 1077 2065 omisisse
1095 2006 1228 2086 arguitur
1240 2028 1249 2068 a
1288 1991 1291 1998 ⁶

156 2105 165 2132 ‘
180 2098 227 2158 Ea
238 2116 307 2178 qum
321 2118 373 2178 per
382 2099 481 2160 Ditem
496 2098 575 2180 (lega
586 2100 721 2178 Dictys)
734 2097 874 2160 Graecum
885 2108 916 2158 et
928 2099 1089 2180 Phrygium
1099 2101 1250 2178 Daretem,

156 2193 210 2274 qni
222 2204 352 2276 tempore
363 2195 483 2275 'l'rojani
496 2195 573 2257 Belli
583 2195 722 2258 contione
731 2194 762 2255 in
772 2213 875 2255 eorum
885 2196 1063 2257 exercitibus
1077 2200 1159 2260 tuero
1172 2219 1251 2281 prm·

157 2300 268 2363 sentes,
292 2292 451 2366 ethorum,
475 2311 542 2372 quoe
556 2291 703 2362 viderunt,
717 2300 788 2351 sunt
809 2290 973 2357 fidelissimi
995 2292 1150 2368 relatores,
1174 2304 1206 2355 et
1220 2296 1252 2355 in

156 2382 333 2468 promotam
346 2387 478 2449 libellum
490 2408 542 2469 per
555 2408 603 2449 me
618 2386 751 2469 judicem
771 2385 941 2449 Guidouem
955 2387 994 2449 de
1005 2389 1155 2451 Columna
1169 2392 1252 2452 Mes-

158 2503 233 2544 sana
243 2492 410 2545 mansumta
422 2484 571 2564 legentur,
584 2493 675 2564 prout
693 2484 724 2544 iu
738 2481 856 2546 duobus
868 2484 952 2544 libris
963 2504 1065 2546 aarum
1078 2487 1253 2567 inscriptum

157 2581 243 2661 qnasi
256 2600 317 2641 una
330 2579 413 2641 vocis
434 2578 632 2642 consonantia
655 2581 808 2640 inuentum
832 2589 878 2641 ost
894 2578 1031 2643 Athenis.
1072 2582 1255 2663 Quanquam

157 2685 257 2737 autem
277 2676 335 2737 hos
354 2675 471 2738 libellos
483 2677 606 2757 quidam
621 2677 787 2750 Romanoa,
803 2675 960 2738 Cornelius
974 2678 1105 2752 nomine,
1119 2679 1254 2740 Sallustii

157 2773 260 2853 magni
274 2773 422 2853 nepospin
435 2771 573 2835 Latium
587 2773 746 2835 nansserra
759 2775 913 2847 curaverit,
935 2784 1036 2836 manen
1051 2774 1123 2836 dnm
1137 2776 1256 2837 labora·

157 2880 203 2932 ret
216 2869 340 2931 nimium
359 2870 456 2931 brevis
475 2890 552 2946 esse,
573 2869 763 2952 particularia
784 2871 918 2931 historia
941 2870 1047 2949 ipsius,
1069 2892 1137 2951 qum
1158 2873 1255 2951 magis

158 2975 285 3047 possum
298 2964 415 3028 allicere
429 2967 549 3035 animoa
560 2967 740 3036 auditorum,
768 2984 832 3043 pres
844 2965 936 3031 nimia
947 2964 1092 3027 brevitate
1112 2965 1253 3026 indecen-

159 3071 204 3125 tes
218 3060 327 3123 omisit.
368 3062 403 3122 lu
415 3062 474 3125 hac
487 3062 576 3143 igitur
596 3061 671 3124 serie
690 3057 783 3120 libelli
796 3068 891 3122 totum
905 3061 1053 3121 iuvenitur
1066 3060 1254 3141 inscriptum,

160 3157 242 3239 quod
257 3157 294 3218 de
312 3166 377 3219 tota
390 3157 514 3219 historia
534 3153 739 3218 universaliter
759 3162 791 3214 et
811 3153 1029 3234 particulariter
1042 3164 1161 3235 gestum
1178 3156 1256 3218 tuit:

159 3253 244 3315 Idem
266 3253 392 3335 scriptor
414 3254 454 3314 ad
476 3253 589 3315 calcem
614 3253 730 3334 operis:
754 3251 819 3311 ‘Et
838 3268 896 3329 ego
919 3247 1020 3310 Gnido
1045 3250 1083 3314 de
1106 3251 1255 3314 Colonum

154 3350 250 3432 judex
263 3349 303 3411 de
317 3350 462 3413 Messana
473 3350 649 3431 preadictum
659 3348 760 3410 Ditem
770 3345 908 3427 (Dictyu)
918 3343 1058 3408 Graecum
1071 3347 1103 3407 in
1116 3349 1255 3410 omnibus

159 3467 226 3509 sum
240 3457 373 3522 secutus,
386 3468 440 3529 pro
453 3467 489 3509 eo
503 3447 584 3526 qnod
598 3449 662 3522 ipse
676 3445 761 3506 Dites
781 3443 915 3524 (Dictys)
936 3445 1100 3523 perfectum
1121 3456 1153 3507 et
1173 3464 1255 3508 com·

159 3543 273 3624 pletum
283 3545 353 3601 tecit
362 3545 393 3601 in
403 3544 539 3602 omnibus
550 3561 625 3622 opus
636 3560 731 3613 suum,
746 3539 785 3603 ad
795 3540 945 3601 literarum
956 3538 1097 3604 videlicet
1106 3542 1255 3620 solatium,

158 3647 194 3699 ut
206 3656 307 3699 veram
321 3637 456 3699 notitiam
469 3638 601 3700 habeant
612 3639 768 3718 praesentis
787 3637 931 3713 historias,
954 3647 985 3697 et
997 3649 1032 3699 ut
1043 3640 1140 3721 magis
1154 3640 1255 3702 delec-

159 3744 261 3795 tentur
273 3733 305 3794 in
318 3733 393 3814 ipsa.
435 3734 474 3795 Et
494 3755 549 3815 ego
561 3735 715 3797 historiam
729 3737 824 3819 ipsam
839 3754 992 3799 ornassem
1006 3736 1166 3801 dictamine
1187 3737 1255 3819 pul-

160 3829 269 3892 chriori
282 3849 336 3910 per
350 3830 508 3913 ampliores
517 3833 707 3914 metaphoras
722 3842 753 3895 et
765 3833 890 3907 colores,
901 3844 931 3894 et
941 3855 994 3917 per
1002 3835 1254 3918 transgressiones

160 3936 361 4001 occurrentes,
379 3947 448 4008 qum
460 3928 555 4010 ipsius
570 3928 738 3991 dictaminis
754 3942 825 3993 snut
837 3931 972 4012 picturas.
1013 3932 1074 3995 Sed
1084 3933 1204 3997 territus
1218 3952 1256 3996 ex

160 4022 367 4103 magnitudine
379 4024 497 4105 operis,’
514 4030 570 4086 &a
612 4026 683 4088 Non
705 4026 861 4090 intermisit
878 4028 1101 4091 tamenGnido
1122 4032 1255 4095 varia'ex

161 4138 218 4181 sno
232 4120 395 4202 saeculique
409 4122 455 4184 sai
477 4122 598 4203 ingenio
612 4132 753 4196 attexere,
775 4124 931 4209 ut'lectori
950 4135 1066 4189 attento
1089 4128 1177 4190 facila
1197 4142 1254 4208 pa·

160 4215 245 4277 tebit.
286 4216 390 4279 ltaliae
410 4216 510 4281 lucem
529 4217 603 4281 vidit
626 4218 763 4281 venetiis
784 4221 871 4283 1481.
893 4222 947 4287 iol.
988 4223 1177 4289 Germaniam
1188 4241 1255 4290 rat·

194 4311 318 4379 napae
333 4314 391 4368 re.
404 4315 469 4369 ca.
632 4316 831 4385 noemma.
1149 4320 1193 4373 ss
