3010 4916
526 441 578 523 lin
600 441 815 493 LECTOREM.
1150 433 1215 498 357

116 591 257 655 iuventa
270 606 337 652 sna
348 584 494 653 efflictim
509 589 613 651 amet:
637 585 756 651 Polites
779 585 943 669 inprimis,
959 596 996 651 ut
1010 592 1046 651 et
1060 586 1214 652 Philoso-

117 691 208 776 phus
223 694 375 767 testatur,
397 686 498 760 τᾶπις
519 689 655 769 ἀγαπῶσι
678 691 792 769 μᾶλλον
815 689 854 750 sul
874 690 963 751 αὐτῶν
983 686 1066 772 ἔργα,
1080 683 1173 773 sisare
1188 695 1213 753 ol

115 793 207 876 γιηῖς
230 790 281 853 και
305 786 476 865 stromat.
521 786 701 855 Fortunam
726 789 810 855 hano
837 787 948 854 Poiita
967 797 1092 865 noster,
1113 810 1212 874 quem

115 912 211 958 nuno
225 892 289 956 tibi
304 890 436 967 damus,
450 891 611 956 benevole
629 891 757 968 Lector,
776 891 945 957 hominnm
960 891 1081 974 injuria
1095 893 1211 957 nescio

118 1013 164 1058 sn
178 992 308 1057 incuria
321 1011 446 1075 passus
457 993 519 1057 sit:
541 992 719 1057 nominalis
741 992 833 1056 illius
856 998 993 1068 mutata,
1010 993 1122 1057 debita
1136 993 1211 1058 laus

20 1094 24 1105 '
119 1094 292 1161 oblivione
306 1101 455 1169 tenuata,
470 1099 502 1158 et
516 1099 555 1158 ut
569 1092 747 1157 earundem
765 1093 940 1159 Musarum
950 1093 1134 1179 symmista,
1148 1093 1212 1157 for·

116 1201 209 1262 tasse
222 1195 321 1259 etiam
334 1191 704 1278 er'rsxprrerGuuthems,
719 1195 802 1277 qula
811 1196 1004 1279 Ligurinum
1016 1195 1208 1278 scripserat,

117 1296 229 1362 iaetus
249 1300 303 1360 est
321 1296 518 1379 Ligurinns:
544 1297 595 1362 sio
614 1295 754 1372 Noster,
769 1299 826 1380 qni
840 1307 912 1364 erat
925 1295 1098 1381 losephus
1115 1295 1211 1363 Isca·

119 1415 197 1473 nus,
206 1395 377 1463 Cornelius
390 1396 508 1482 Nepos
521 1397 632 1465 iaetus
645 1407 709 1476 est,
719 1399 799 1481 quin
810 1398 991 1483 Nepotem,
1003 1399 1073 1481 qui,
1085 1405 1124 1461 ut
1135 1397 1209 1480 opi·

118 1499 175 1563 nio
189 1499 408 1582 quommdam
417 1508 481 1578 est,
491 1500 649 1567 Daretem
660 1499 784 1566 Latina
793 1509 885 1568 veste
897 1501 1062 1576 induerat,
1076 1500 1109 1563 in
1118 1495 1208 1561 Poli-

117 1601 145 1667 si
160 1621 228 1667 soa
241 1610 381 1669 secutus
400 1607 480 1668 erat
526 1602 680 1669 Suboluit
698 1604 902 1686 quibusdam
917 1605 947 1667 ιι
963 1605 1033 1688 χιιι
1054 1601 1103 1665 sal
1117 1597 1207 1684 spelm

116 1722 182 1769 non
194 1724 273 1769 esse
286 1705 370 1770 huuc
385 1703 553 1789 Nepotem
567 1707 672 1783 illum,
687 1705 743 1788 qui
759 1724 862 1772 ausus
878 1716 952 1772 erat

418 1805 517 1874 Unus
531 1807 695 1873 Italorum

295 1906 400 1981 Omne
413 1929 523 1975 mrum
537 1910 643 1975 tribus
658 1909 830 1992 explioare
849 1910 979 1975 chartis.

156 2009 258 2076 Alios
272 2017 378 2077 tameo
391 2012 483 2090 novi,
498 2012 559 2097 qni
578 2011 661 2077 illud
686 2019 848 2077 assertum
872 2013 984 2078 ibant:
1006 2014 1131 2097 quippe
1146 2016 1205 2080 nil

115 2132 195 2179 eum
210 2133 275 2179 sua
294 2111 334 2178 C.
349 2112 512 2179 Sallustio
534 2114 703 2192 inscribet,
723 2133 798 2179 oum
813 2112 957 2179 Athenis
980 2115 1092 2180 Daren
1111 2135 1207 2200 repe·

113 2216 208 2293 risse,
224 2216 378 2293 vertisse,
392 2235 455 2283 sna
466 2224 598 2282 asserat
618 2215 772 2300 epistola.
791 2210 952 2295 ὦβοιωτιι,
967 2217 1003 2291 ὥς
1020 2215 1127 2302 «pulpa
1141 2217 1205 2281 trrl

112 2314 243 2392 βοιωτιιι
270 2317 407 2384 credant
429 2317 479 2383 illi
500 2324 535 2383 et
548 2318 695 2383 fruantur
709 2337 773 2382 suo
788 2336 906 2396 errore,
927 2318 1007 2383 mihi
1022 2319 1103 2385 talia
1115 2338 1206 2384 earu·

114 2439 168 2502 pm
183 2420 275 2485 Solis
286 2426 319 2484 et
333 2419 450 2485 Naevii
465 2419 674 2485 Buttubatta.
717 2418 952 2486 contradicunt
965 2419 1084 2504 stylus,
1095 2420 1205 2485 imita·

113 2521 176 2596 tio,
186 2526 220 2585 et
232 2521 466 2607 αὐτηᾶγγιλτις
480 2522 566 2604 ipse,
582 2522 641 2605 qni
655 2522 697 2587 de
712 2520 857 2599 Nerone,
866 2520 908 2589 de
922 2521 1111 2587 Christiana
1125 2521 1202 2600 fide,

114 2622 159 2687 de
171 2622 378 2709 ματαιιτηςνιᾳ
401 2623 623 2701 oraculomm,
645 2623 687 2688 de
706 2622 851 2689 Arthuro
864 2623 1034 2709 inspergit.
1079 2623 1119 2689 Io
1133 2644 1201 2689 rem

113 2724 248 2807 quidem
272 2727 342 2792 ista
364 2727 458 2803 satis,
480 2744 600 2790 nomen
624 2731 736 2790 tamen
758 2727 792 2791 iu
815 2727 1000 2811 quaestione
1015 2733 1097 2804 erat,
1111 2726 1202 2811 quod

111 2845 169 2892 nee
185 2827 258 2892 Soli
266 2826 481 2911 quarendum
495 2827 587 2905 dare,
596 2846 659 2893 neo
673 2846 798 2906 manes,
813 2836 851 2894 ιιι
865 2829 921 2894 ille
936 2828 1090 2906 Homeri,
1104 2830 1202 2894 iuter·

111 2946 314 3011 ragusanae
330 2949 353 2995 a
372 2930 474 2994 nostri
496 2929 613 2994 saeouli
631 2927 804 3012 roavpatlsr
820 2930 946 2997 discere
968 2933 1074 3014 potui.
1115 2932 1153 2992 ὀ
1174 2931 1201 2991 tr

109 3027 202 3115 ἑγιοις
214 3030 383 3109 causitus,
395 3051 464 3097 rem
480 3031 561 3096 milri
582 3033 778 3116 expeditam
801 3033 1036 3116 promittebat:
1063 3030 1124 3095 sed
1139 3032 1201 3094 im·

110 3131 256 3216 peditam
269 3134 413 3217 reliquit
457 3133 656 3199 Deonrreuti
671 3133 752 3199 mibi
766 3135 908 3218 paginas
930 3133 1070 3216 aliquot,
1089 3125 1199 3209 stello,

110 3233 205 3315 quod
220 3235 321 3312 aiunt,
342 3238 356 3297 ό
378 3234 499 3320 μάρτυς,
514 3235 577 3300 snb
587 3237 706 3301 umbra
720 3256 756 3300 se
771 3237 867 3300 visus
880 3242 934 3298 est
945 3231 1134 3296 ostendere:
1151 3231 1200 3295 ait

110 3352 201 3398 emm
216 3350 256 3398 rr.

324 3438 359 3503 N
360 3458 405 3504 ou
419 3445 534 3506 nostra
548 3440 722 3505 Britannia
734 3437 898 3502 Rhenum.

150 3538 254 3619 Quod
269 3560 352 3623 ergo
369 3543 507 3625 pensius
524 3541 704 3608 aestimanti
719 3540 855 3603 uuioum
869 3542 1053 3621 supererat,
1068 3537 1198 3602 Britan·

104 3661 221 3707 nomm
231 3643 369 3720 rudera,
384 3650 546 3724 seminet
561 3644 720 3728 quioquid
735 3641 865 3706 illorum
877 3647 997 3705 nactus
1006 3660 1106 3717 eram,
1119 3657 1199 3706 ocu·

102 3742 150 3809 lis
172 3743 402 3822 decurrebam,
423 3746 568 3831 aliquem
594 3762 737 3829 sperans
759 3743 849 3809 illius
876 3742 990 3808 honori
1012 3750 1047 3807 et
1074 3743 1198 3807 nomini

102 3854 382 3923 ressurrecturum,
408 3866 486 3912 nam
510 3857 550 3913 nt
569 3847 794 3913 Philostratus
816 3846 861 3912 ad
886 3844 1025 3909 Areum:
1049 3842 1133 3919 esaei
1148 3868 1198 3907 cr·

100 3944 177 4022 φοὺς
187 3943 329 4027 samso,
343 3944 381 4010 eis
392 3942 458 4012 ὦσιν
473 3948 569 4026 crull.
613 3949 682 4015 Sed
693 3951 757 4014 nisi
771 3948 873 4033 plane
884 3945 1068 4012 lusoitiosis
1077 3952 1111 4011 et
1122 3945 1200 4011 110·

96 4048 243 4116 maricis
256 4050 363 4116 oculis
377 4070 460 4116 usos
481 4072 568 4131 sum,
592 4050 715 4118 trustra
736 4051 783 4115 ibi
798 4050 859 4114 sui.
902 4048 936 4115 A
950 4049 1118 4114 veteranis
1132 4049 1198 4115 ita·

94 4170 169 4236 que
191 4150 237 4217 ad
263 4150 465 4219 luculentam
492 4154 584 4219 illam
612 4151 792 4219 Gambdeni
817 4151 1030 4217 Britanniam·
1054 4151 1195 4217 divertit

96 4253 222 4321 exinde
235 4256 361 4321 mentis
371 4275 458 4323 mear
473 4256 634 4335 habitum,
649 4254 755 4323 utillo
770 4253 831 4332 ait,
846 4254 967 4337 gaudio
982 4252 1196 4339 splenduisse
