3034 4928
548 428 669 479 sonus
692 430 840 481 raetos.
1194 416 1238 482 78

136 579 239 657 tatis,
250 582 289 642 ut
301 577 359 660 qui
374 595 418 641 ex
428 595 472 643 ee
483 584 688 657 nasceretur,
703 584 798 661 petre
812 578 916 662 major
929 584 1018 646 esset
1031 578 1176 661 iuturus,
1191 585 1236 648 ab

142 680 226 764 eius
253 678 432 744 concubitu
462 676 635 742 abstinuit.
692 677 868 744 'lbetldem
902 697 981 744 vero
1017 682 1234 762 postmodum

141 779 285 857 Peleus,
298 779 395 843 AEaci
409 777 513 855 filius,
533 795 670 841 uxorem
694 779 803 856 duxit,
818 782 911 844 etex
929 797 970 843 ea
983 776 1147 847 Achillem
1157 801 1235 847 ms·

143 881 250 963 cepit.
292 878 392 943 ovid.
410 893 467 942 xt.
491 876 634 943 Metam.
653 876 729 943 265.
759 877 923 956 Catullus,
949 878 985 943 in
1007 880 1109 946 morlo
1131 883 1234 950 citato

140 980 346 1063 Epithalam.

189 1081 275 1146 Cum
288 1100 371 1146 vero
391 1079 527 1145 oracula
549 1088 723 1158 canerent,
744 1080 850 1146 lilium
864 1081 899 1145 iu
921 1080 1133 1163 expeditione
1152 1083 1237 1149 Tro·

133 1182 222 1265 jaus
249 1200 421 1259 casumm,
443 1200 518 1245 eum
545 1181 753 1258 occuluit,in
774 1180 890 1263 Scyro.
911 1180 1054 1256 Statius,
1071 1197 1096 1246 ι.
1111 1180 1234 1249 Acbill.

138 1282 218 1347 245.
263 1280 313 1347 At
325 1280 466 1363 Ulyssis
480 1280 559 1345 dolo
575 1279 705 1345 detecto
728 1299 820 1345 erma
834 1278 937 1351 dedit,
951 1298 1029 1363 qum
1045 1280 1234 1361 Vulcanus,

139 1381 217 1465 ejus
232 1388 344 1446 motus
359 1380 531 1465 precibus,
543 1380 779 1459 fabricaverat,
798 1388 833 1445 et
848 1379 988 1444 artificio
1009 1381 1113 1447 multo
1135 1400 1237 1461 exon,

139 1487 290 1547 caveret
333 1482 437 1548 Hom.
456 1480 501 1544 11.
514 1506 543 1565 ρ.
565 1488 600 1546 et
621 1479 720 1546 Ovid.
736 1497 824 1547 xus.
855 1479 995 1548 Metam.
1019 1482 1109 1567 apud
1134 1502 1232 1567 quem
1341 1486 1343 1489 ’

140 1581 301 1665 Ulyscos,
314 1584 456 1667 Ajeccm
470 1582 507 1649 iu
522 1587 722 1648 contemtum
736 1582 917 1661 adducens,
931 1583 1008 1649 288.

270 1684 410 1749 Scilicet
421 1681 550 1748 idcirco
563 1702 626 1766 pro
639 1688 718 1751 nato
738 1684 864 1750 cerula
876 1689 980 1749 muter

272 1784 463 1849 Ambitiosa
476 1802 539 1849 suo
551 1782 627 1860 suit,
641 1787 679 1847 ut
699 1783 850 1851 coelestia
862 1783 949 1848 donu

271 1883 368 1949 Artis
381 1903 469 1968 opus
480 1889 585 1948 tantae
597 1882 691 1948 rudis
705 1887 741 1947 et
753 1883 826 1949 eine
839 1890 973 1968 pectore
986 1885 1086 1951 miles

272 1983 461 2051 ludseretl

140 2082 285 2160 Verum,
305 2082 437 2150 acuite
457 2084 647 2162 interiecto,
661 2085 733 2151 baec
748 2103 841 2151 arms
855 2085 1053 2153 Grecorum
1075 2107 1231 2172 procerae
1332 2086 1338 2097 '

140 2181 265 2266 Ulyssi
279 2183 526 2268 adjudicavere,
538 2184 649 2270 Ajece
659 2186 831 2268 neglecto,
842 2188 913 2271 qui,
923 2187 1113 2270 injurietum
1124 2190 1233 2272 imps-

140 2283 437 2362 tiens,euselatus
457 2287 577 2352 bausit.
622 2286 728 2352 ovid.
743 2302 835 2351 1111.
856 2285 999 2351 Metam.
1014 2286 1091 2351 590.
1135 2287 1236 2361 Post,
1345 2284 1351 2293 '

142 2402 190 2448 ea
212 2390 334 2462 tamen,
363 2404 480 2451 eversu
500 2387 618 2472 hojo,
633 2387 766 2455 Graccis
787 2389 823 2454 iu
846 2388 966 2470 AEgreo
989 2387 1074 2455 meri
1097 2387 1234 2453 nuvium

143 2482 245 2549 clude
267 2486 404 2564 attritis,
418 2486 562 2555 Achillis
585 2490 743 2574 clypeum
766 2489 803 2554 vi
825 2487 984 2555 fluctuum
1003 2487 1047 2554 ad
1063 2486 1182 2571 Ajecis
1197 2486 1233 2550 in

139 2580 474 2659 Rbetoeoturnulum
496 2589 653 2670 delatum
668 2578 979 2667 testenturflraeoi,
1008 2587 1232 2672 Antbolog.1.

137 2683 243 2751 221.
258 2688 350 2771 apud
356 2686 538 2768 Alciatum,
551 2690 597 2755 sd
611 2710 710 2756 suum
724 2690 786 2779 28.Ι
797 2691 961 2759 Emblem.

183 2787 304 2853 'l'betis
324 2789 411 2870 boec,
426 2809 519 2855 mma
529 2791 640 2857 ferens
655 2790 791 2871 Achilli,
812 2798 845 2858 et
858 2792 892 2857 in
906 2791 1013 2857 incisa
1027 2790 1183 2869 Gemma,
1198 2795 1233 2857 et

136 2896 298 2973 argenteo
311 2892 447 2977 majoris
471 2892 598 2957 moduli
622 2900 793 2977 spectetur
815 2894 849 2959 N
852 2893 1050 2972 omismate;
1071 2892 1122 2956 uti
1136 2890 1234 2956 (locet

136 2992 343 3071 Gronovius,
368 2993 413 3059 ed
440 2992 690 3078 Dactyliothec.
715 3009 756 3058 ιι.
781 2994 856 3060 522.
884 2992 1014 3058 Gemm.
1065 2989 1113 3054 At
1140 2988 1233 3055 vide-

137 3099 237 3157 antur
279 3093 322 3158 ‹le
364 3093 594 3160 Nnmismatis
628 3093 695 3160 tide
724 3094 913 3173 Fabrettus‚
943 3084 1034 3176 apud
1059 3091 1232 3172 Begemm,

4 3238 6 3253 .
135 3192 293 3259 ‘huicce
307 3193 362 3259 82.
456 3198 460 3205 ’

548 3405 600 3470 Χ.
644 3402 831 3473 FOEDUS.
862 3406 867 3413 '

534 3539 613 3604 Lis.
637 3527 775 3605 iscar.
796 3538 850 3602 15.

170 3670 338 3737 ‘Porcum
351 3689 474 3737 marem
489 3671 646 3739 inferum
662 3672 806 3740 modium
821 3668 928 3736 efferri
936 3668 1045 3754 jubet,
1056 3685 1154 3753 quem
1168 3667 1202 3734 iu

204 3772 290 3837 duas
302 3782 416 3855 partes
431 3779 617 3853 exsectum,
631 3774 755 3842 Orienti
770 3771 1013 3854 Occidentique
1026 3766 1167 3835 dividit’

185 3901 322 3968 Faunus
350 3905 473 3987 priscis
494 3907 543 3971 ito
564 3907 702 3986 dictum,
724 3906 817 3991 quod
844 3906 882 3969 in
906 3921 947 3968 eo
966 3919 1083 3985 porco,
1103 3900 1230 3969 foedum

135 4001 275 4070 scillcet
294 4004 431 4082 animal,
446 4013 661 4077 mactaretur.
683 4018 690 4031 ·

179 4101 287 4183 Apud
309 4102 499 4184 Romanos,
512 4106 685 4192 utriusque
699 4107 806 4190 gentis
820 4113 916 4188 pater
929 4110 1080 4188 petrolus
1094 4101 1232 4182 arripis·

131 4202 196 4267 bat
218 4220 370 4285 porcam,
392 4212 430 4269 et
452 4203 520 4270 diis
538 4204 706 4288 pangendi
727 4204 865 4270 soederis
888 4203 1030 4305 ustibus
1050 4196 1231 4285 invocetis,
