2980 4916
389 432 436 480 nn
462 428 581 479 nscio
603 431 775 480 uuorrrro
801 432 872 484 urs.
895 435 934 483 rr.
1135 420 1199 487 188

106 573 330 641 arctissimum
346 572 518 637 affinitatis
532 574 655 655 pignus
669 574 892 642 intercederet.
929 578 1038 642 Dein⁸
1054 595 1198 664 propere

111 673 329 757 populanhns
342 674 393 737 uti
415 673 460 735 ab
477 672 611 757 incepto
626 671 825 740 desisterent
845 679 988 743 nuntiari
1008 676 1124 762 jubet:
1147 684 1197 743 at·

111 793 176 855 que
198 774 246 839 ita
256 774 376 837 nostris
394 773 536 836 liberam
552 772 741 854 egrediendi
754 775 899 839 naribus
913 783 1109 859 potestatem
1121 798 1196 862 per·
1249 808 1253 813 ·

111 872 224 937 mittit.
263 872 504 956 Tlepolemus,⁹
533 880 566 936 et
591 872 648 955 qui
672 891 748 936 cum
770 893 812 938 eo
836 883 1005 953 venerant,
1027 876 1196 961 Eurypylo

112 973 315 1037 truduntur:⁸
330 973 444 1055 hique,
457 972 637 1054 perfectis¹
653 992 729 1056 qure
745 975 933 1056 cupierant,
951 974 994 1039 ad
1008 994 1112 1041 nares
1124 997 1197 1060 per·

111 1078 200 1154 gunt,
215 1074 429 1137 nuntiantes¹
451 1069 694 1154 Agamemnoni
710 1093 750 1137 ae
766 1075 905 1157 reliquis
919 1076 1053 1158 regibus
1068 1094 1198 1158 pacem,

110 1174 383 1255 concordiamque
397 1192 473 1237 curn
488 1173 647 1256 Telepho.
691 1173 751 1251 [o]
773 1174 861 1252 Quae
873 1177 934 1241 uhi
949 1194 1123 1259 accepere,
1139 1196 1200 1260 ap·

109 1279 257 1356 peruium
281 1273 364 1337 belli
387 1274 458 1338 laeti
486 1275 648 1339 omittunt.
693 1275 782 1339 Dein
803 1295 846 1340 ex
871 1277 1005 1341 consilii
1030 1278 1199 1343 sententia

110 1370 258 1436 Achilles
271 1391 347 1436 curn
362 1370 470 1456 Ajace
483 1371 529 1436 ed
541 1372 725 1456 Telephum
742 1383 949 1458 pervenere,³
971 1394 1116 1458 eumque
1124 1377 1201 1458 jac·

113 1478 213 1536 tatum
228 1475 352 1555 magnis
364 1473 539 1537 doloribus
552 1475 727 1546 consolati,
746 1483 786 1540 ut
800 1477 938 1541 virilitor
949 1476 1198 1541 incommodum

110 1570 216 1649 terret,
227 1572 492 1656 deprecantem·
518 1572 566 1638 At
578 1573 759 1658 Telephus,
774 1578 831 1641 nbi
846 1577 1048 1661 aliquantum
1063 1577 1197 1659 requies

110 1668 233 1736 doloris
246 1675 491 1751 intercesserat,
512 1673 655 1739 Grecos
677 1676 842 1755 incusare,
866 1677 954 1760 quod
977 1696 1019 1740 ne
1041 1677 1196 1741 nuntium

110 1770 243 1853 quidem
255 1773 417 1839 adventus
431 1775 483 1837 sni
499 1774 749 1856 praemisissent
786 1776 876 1840 Dein
890 1780 1112 1856 percontetur,
1123 1774 1197 1858 qui·

111 1889 199 1948 uam,
214 1878 249 1936 et
263 1874 376 1956 quanti
388 1873 567 1955 Pelopidue
588 1874 624 1937 iu
646 1894 687 1938 ee
701 1875 820 1938 militia
834 1880 965 1938 essent:
989 1872 1198 1956 doctusqueb

111 1973 222 2037 multis
235 1975 389 2056 precihus
403 1978 488 2049 orat,
502 1980 540 2037 ut
552 1972 595 2037 ad
610 1992 647 2037 se
661 1993 776 2036 omnes
792 1975 936 2038 veniant.
980 1971 1066 2035 Tum
1081 1972 1198 2046 nostri,

113 2070 260 2137 facturos
272 2094 306 2138 se
318 2095 393 2158 qum
420 2084 431 2123 ⁸
448 2069 545 2139 vellet
565 2074 721 2156 polliciti,
734 2074 938 2139 desiderium
952 2072 1039 2154 regis
1062 2071 1199 2154 reliquis

112 2171 312 2237 nuntiavere.
355 2172 460 2255 igitur
475 2192 591 2238 omnes
616 2172 807 2255 Pelopidre,
832 2179 954 2256 preter
976 2172 1198 2253 Agamemno-

112 2288 186 2333 nem
200 2277 235 2335 et
247 2271 448 2349 Menelaum,
473 2274 507 2337 in
522 2293 621 2337 unum
634 2273 826 2355 congregati
842 2272 885 2337 ad
895 2270 1093 2354 Telephum
1107 2271 1200 2333 reni·

113 2374 185 2446 nnt,
199 2371 401 2455 multumque
414 2374 646 2455 gratulationis
661 2371 785 2455 atquc⁶
799 2372 929 2439 laetitiae
945 2370 1126 2454 presentia
1135 2388 1199 2434 sua

111 2471 182 2553 rogi
194 2471 354 2536 obtulere:
375 2491 415 2537 ac
429 2474 546 2538 deinde
561 2473 749 2538 muneribus
760 2473 898 2554 largiter
911 2471 1035 2548 donati,
1049 2470 1197 2554 hospitio

12 2636 14 2643 ,
111 2570 322 2654 recipiuntur.
365 2573 485 2657 Neque
498 2580 609 2639 tamen
624 2574 722 2638 miles
746 2573 906 2658 reliquus,
920 2572 977 2657 qni
992 2570 1081 2654 apud
1095 2589 1198 2635 neres

109 2679 188 2752 erut,
202 2673 436 2739 munificentiae
452 2675 537 2756 rems
551 2692 670 2757 expers
682 2674 764 2738 fuit:
781 2692 924 2756 nemque
937 2691 981 2736 ex
991 2689 1127 2736 numero
1137 2689 1197 2735 na·

108 2770 220 2834 rinm‘
241 2772 445 2850 frumentum,
461 2774 595 2857 aliaque
610 2772 797 2836 necessaria
822 2772 948 2836 affatim
973 2771 1197 2855 portabuntur.

107 2868 260 2937 Ceterum
283 2891 356 2949 rex,
369 2873 430 2936 nhi
455 2870 734 2955 Agamemnonem
759 2873 958 2961 fratremque
980 2872 1057 2957 ejus
1079 2873 1198 2937 abesse

107 2973 350 3049 animadvertit,
365 2973 481 3036 multis
505 2972 665 3055 precibus
689 2970 849 3055 Ulyssem
862 2971 1072 3056 deprecetur,
1088 2970 1195 3034 uliud

107 3092 164 3137 eos
188 3073 370 3140 acciendos
391 3082 556 3157 pergeret:
578 3072 613 3137 hi
628 3074 768 3156 itaqne⁷
790 3072 834 3138 ad
845 3072 1034 3158 Telephum
1048 3070 1197 3144 veniunt,

563 3270 744 3292 mune

107 3411 205 3460 Primi
216 3412 321 3461 exhibet
334 3413 382 3461 Del
401 3413 425 3462 h.
437 3414 668 3479 memmium-8
682 3412 775 3473 Delph.
789 3410 940 3459 Deinde-0
957 3404 1028 3454 Ante
1040 3412 1129 3449 rocem
1146 3401 1197 3452 Tle-

104 3477 220 3535 ΝΜ,
235 3476 301 3537 legit
319 3477 369 3524 Dei
422 3477 583 3540 Thurin-1
603 3478 701 3540 Delph.
716 3473 876 3538 prosim-o
895 3470 989 3531 Delph.
1000 3463 1196 3528 nmque.-

105 3541 123 3586 1
151 3538 250 3602 Delph.
279 3545 473 3601 meua-r
499 3540 595 3605 Delph.
622 3540 862 3604 emmunim-t
890 3534 984 3598 Delph.
1010 3542 1197 3595 quacunque.-

602 3730 709 3781 NOTAE

135 3869 147 3894 ¹
166 3860 287 3924 erlc
297 3859 437 3924 muner]
455 3857 494 3911 Ut
504 3861 560 3923 ejus
571 3859 634 3911 duc·
673 3859 821 3917 mure,'&c.

103 3944 134 3987 tn
153 3950 170 3984 e
186 3934 330 3998 putoribus
345 3942 374 3983 et
384 3934 492 3998 Telephi
510 3934 633 3984 militibus
705 3930 880 3996 *Dmtuqml
896 3928 1020 3979 Eductuc

102 4010 155 4061 tuli
167 4010 200 4059 nd
212 4022 292 4058 never
303 4010 479 4072 pervenirent.
705 4016 717 4042 ⁶
733 4010 774 4057 Ec
783 4022 877 4057 umero
891 4001 998 4065 mmm]
1021 3998 1055 4050 ld
1074 4007 1132 4050 ert:
1150 4012 1198 4062 pro

134 4095 147 4121 ⁸
169 4086 337 4148 veprecula·
365 4082 574 4147 [ἀγρεύων]
600 4084 633 4135 ld
674 4096 779 4132 numero
789 4075 1198 4139 nerlumnecundunrnuurernm

97 4156 635 4223 eir,vehementer,obuhepreeihmrm:
674 4154 793 4206 nerium?
826 4152 1038 4218 Sicluqnimnct.

97 4251 155 4287 nem
172 4235 208 4286 ds
225 4241 269 4285 est
287 4232 446 4282 intensivum
466 4237 497 4284 ut
513 4233 540 4283 ln
558 4232 634 4284 ‘dss-
