<?xml version="1.0" encoding="UTF-8"?>
<!DOCTYPE html PUBLIC "-//W3C//DTD XHTML 1.0 Transitional//EN"
    "http://www.w3.org/TR/xhtml1/DTD/xhtml1-transitional.dtd">
<html xmlns="http://www.w3.org/1999/xhtml" xml:lang="en" lang="en">
 <head>
  <title>
</title>
<meta http-equiv="Content-Type" content="text/html;charset=utf-8" />
  <meta name='ocr-system' content='tesseract 3.04.00' />
  <meta name='ocr-capabilities' content='ocr_page ocr_carea ocr_par ocr_line ocrx_word'/>
</head>
<body>
  <div class='ocr_page' id='page_1' title='image "./debellotrojano00josegoog/debellotrojano00josegoog_0421.png"; bbox 0 0 3010 4916; ppageno 0'>
   <div class='ocr_carea' id='block_1_1' title="bbox 708 422 997 478">
    <p class='ocr_par' dir='ltr' id='par_1_1' title="bbox 708 422 997 478">
     <span class='ocr_line' id='line_1_1' title="bbox 708 422 997 478; baseline -0.007 -1"><span class='ocrx_word' id='word_1_1' title='bbox 708 422 760 477; x_wconf 81' lang='grc' dir='ltr'><strong>ΑΙ)</strong></span> <span class='ocrx_word' id='word_1_2' title='bbox 783 422 997 478; x_wconf 62' lang='lat' dir='ltr'><strong>cuononem.</strong></span> 
     </span>
    </p>
   </div>
   <div class='ocr_carea' id='block_1_2' title="bbox 742 680 933 747">
    <p class='ocr_par' dir='ltr' id='par_1_2' title="bbox 742 680 933 747">
     <span class='ocr_line' id='line_1_2' title="bbox 742 680 933 747; baseline 0.01 -3"><span class='ocrx_word' id='word_1_3' title='bbox 742 680 837 747; x_wconf 83' lang='lat' dir='ltr'><strong>Idem</strong></span> <span class='ocrx_word' id='word_1_4' title='bbox 857 682 933 746; x_wconf 73' lang='lat'><strong>457.</strong></span> 
     </span>
    </p>
   </div>
   <div class='ocr_carea' id='block_1_3' title="bbox 237 814 1377 1611">
    <p class='ocr_par' dir='ltr' id='par_1_3' title="bbox 237 814 1377 1611">
     <span class='ocr_line' id='line_1_3' title="bbox 337 814 1376 901; baseline 0.001 -20"><span class='ocrx_word' id='word_1_5' title='bbox 337 816 466 882; x_wconf 84' lang='lat' dir='ltr'><strong>latinis</strong></span> <span class='ocrx_word' id='word_1_6' title='bbox 490 814 663 899; x_wconf 83' lang='lat' dir='ltr'><strong>Vigornia,</strong></span> <span class='ocrx_word' id='word_1_7' title='bbox 679 834 747 899; x_wconf 88' lang='lat' dir='ltr'><strong>quo</strong></span> <span class='ocrx_word' id='word_1_8' title='bbox 763 817 894 883; x_wconf 88' lang='lat' dir='ltr'><strong>nomine</strong></span> <span class='ocrx_word' id='word_1_9' title='bbox 907 817 1046 900; x_wconf 87' lang='lat' dir='ltr'><strong>primus,</strong></span> <span class='ocrx_word' id='word_1_10' title='bbox 1060 818 1151 901; x_wconf 84' lang='lat' dir='ltr'><strong>qnod</strong></span> <span class='ocrx_word' id='word_1_11' title='bbox 1173 822 1290 898; x_wconf 88' lang='lat' dir='ltr'><strong>sciam,</strong></span> <span class='ocrx_word' id='word_1_12' title='bbox 1304 836 1376 884; x_wconf 84' lang='lat' dir='ltr'><strong>usur</strong></span> 
     </span>
     <span class='ocr_line' id='line_1_4' title="bbox 295 916 1377 1004; baseline 0.002 -22"><span class='ocrx_word' id='word_1_13' title='bbox 295 926 350 983; x_wconf 89' lang='lat' dir='ltr'><strong>est</strong></span> <span class='ocrx_word' id='word_1_14' title='bbox 369 917 540 1003; x_wconf 85' lang='lat' dir='ltr'><strong>Josephus</strong></span> <span class='ocrx_word' id='word_1_15' title='bbox 564 916 720 997; x_wconf 90' lang='lat' dir='ltr'><strong>Iscauus,</strong></span> <span class='ocrx_word' id='word_1_16' title='bbox 745 919 805 1003; x_wconf 89' lang='lat' dir='ltr'><strong>qni</strong></span> <span class='ocrx_word' id='word_1_17' title='bbox 831 918 980 985; x_wconf 83' lang='lat' dir='ltr'><strong>Cornelii</strong></span> <span class='ocrx_word' id='word_1_18' title='bbox 1002 917 1148 1004; x_wconf 80' lang='lat' dir='ltr'><strong>Nepotis</strong></span> <span class='ocrx_word' id='word_1_19' title='bbox 1168 921 1300 986; x_wconf 88' lang='lat' dir='ltr'><strong>nomine</strong></span> <span class='ocrx_word' id='word_1_20' title='bbox 1320 922 1377 985; x_wconf 89' lang='lat' dir='ltr'><strong>cir·</strong></span> 
     </span>
     <span class='ocr_line' id='line_1_5' title="bbox 296 1018 1376 1105; baseline 0.002 -21"><span class='ocrx_word' id='word_1_21' title='bbox 296 1019 483 1100; x_wconf 83' lang='lat' dir='ltr'><strong>eumfertur,</strong></span> <span class='ocrx_word' id='word_1_22' title='bbox 498 1021 534 1084; x_wconf 93' lang='lat' dir='ltr'><strong>in</strong></span> <span class='ocrx_word' id='word_1_23' title='bbox 548 1018 601 1084; x_wconf 86' lang='lat' dir='ltr'><strong>his</strong></span> <span class='ocrx_word' id='word_1_24' title='bbox 615 1018 659 1084; x_wconf 81' lang='lat' dir='ltr'><strong>ad</strong></span> <span class='ocrx_word' id='word_1_25' title='bbox 681 1018 872 1086; x_wconf 90' lang='lat' dir='ltr'><strong>Hubertum</strong></span> <span class='ocrx_word' id='word_1_26' title='bbox 895 1018 1164 1085; x_wconf 82' lang='lat' dir='ltr'><strong>Cantauriensem</strong></span> <span class='ocrx_word' id='word_1_27' title='bbox 1191 1021 1376 1105; x_wconf 77' lang='lat' dir='ltr'><strong>Archiprae·</strong></span> 
     </span>
     <span class='ocr_line' id='line_1_6' title="bbox 237 1102 586 1186; baseline 0 -1"><span class='ocrx_word' id='word_1_28' title='bbox 237 1102 247 1121; x_wconf 71' lang='grc'>’</span> <span class='ocrx_word' id='word_1_29' title='bbox 296 1123 400 1186; x_wconf 89' lang='lat' dir='ltr'><strong>sulem</strong></span> <span class='ocrx_word' id='word_1_30' title='bbox 414 1120 586 1186; x_wconf 82' lang='lat' dir='ltr'><strong>versibus:</strong></span> 
     </span>
     <span class='ocr_line' id='line_1_7' title="bbox 382 1212 1240 1306; baseline 0.003 -19"><span class='ocrx_word' id='word_1_31' title='bbox 382 1223 605 1288; x_wconf 82' lang='lat' dir='ltr'><strong>Innumeram</strong></span> <span class='ocrx_word' id='word_1_32' title='bbox 614 1212 686 1306; x_wconf 83' lang='lat' dir='ltr'><strong>jem</strong></span> <span class='ocrx_word' id='word_1_33' title='bbox 701 1222 822 1287; x_wconf 88' lang='lat' dir='ltr'><strong>crescit</strong></span> <span class='ocrx_word' id='word_1_34' title='bbox 834 1216 958 1288; x_wconf 87' lang='lat' dir='ltr'><strong>honor:</strong></span> <span class='ocrx_word' id='word_1_35' title='bbox 978 1228 1010 1287; x_wconf 86' lang='lat' dir='ltr'><strong>te</strong></span> <span class='ocrx_word' id='word_1_36' title='bbox 1023 1223 1123 1289; x_wconf 86' lang='lat' dir='ltr'><strong>tertia</strong></span> <span class='ocrx_word' id='word_1_37' title='bbox 1136 1223 1240 1306; x_wconf 88' lang='lat' dir='ltr'><strong>poscit</strong></span> 
     </span>
     <span class='ocr_line' id='line_1_8' title="bbox 383 1316 1221 1408; baseline 0.001 -20"><span class='ocrx_word' id='word_1_38' title='bbox 383 1323 525 1401; x_wconf 73' lang='lat' dir='ltr'><strong>Insula:</strong></span> <span class='ocrx_word' id='word_1_39' title='bbox 540 1323 612 1408; x_wconf 88' lang='lat' dir='ltr'><strong>jam</strong></span> <span class='ocrx_word' id='word_1_40' title='bbox 627 1323 773 1388; x_wconf 83' lang='lat' dir='ltr'><strong>meminit</strong></span> <span class='ocrx_word' id='word_1_41' title='bbox 786 1321 962 1406; x_wconf 78' lang='lat' dir='ltr'><strong>vigornia,</strong></span> <span class='ocrx_word' id='word_1_42' title='bbox 976 1316 1098 1388; x_wconf 71' lang='lat' dir='ltr'><strong>cantia</strong></span> <span class='ocrx_word' id='word_1_43' title='bbox 1113 1324 1221 1401; x_wconf 88' lang='lat' dir='ltr'><strong>discit,</strong></span> 
     </span>
     <span class='ocr_line' id='line_1_9' title="bbox 382 1423 1188 1508; baseline 0 -20"><span class='ocrx_word' id='word_1_44' title='bbox 382 1423 557 1488; x_wconf 74' lang='lat' dir='ltr'><strong>Romnum</strong></span> <span class='ocrx_word' id='word_1_45' title='bbox 570 1424 748 1488; x_wconf 77' lang='lat' dir='ltr'><strong>meditatur</strong></span> <span class='ocrx_word' id='word_1_46' title='bbox 761 1442 861 1507; x_wconf 87' lang='lat' dir='ltr'><strong>apex,</strong></span> <span class='ocrx_word' id='word_1_47' title='bbox 875 1431 910 1489; x_wconf 87' lang='lat' dir='ltr'><strong>et</strong></span> <span class='ocrx_word' id='word_1_48' title='bbox 923 1423 1082 1508; x_wconf 83' lang='lat' dir='ltr'><strong>naufraga</strong></span> <span class='ocrx_word' id='word_1_49' title='bbox 1096 1425 1188 1489; x_wconf 90' lang='lat' dir='ltr'><strong>Petri</strong></span> 
     </span>
     <span class='ocr_line' id='line_1_10' title="bbox 381 1523 1224 1611; baseline 0.001 -24"><span class='ocrx_word' id='word_1_50' title='bbox 381 1523 565 1589; x_wconf 84' lang='lat' dir='ltr'><strong>Ductorem</strong></span> <span class='ocrx_word' id='word_1_51' title='bbox 580 1524 616 1588; x_wconf 91' lang='lat' dir='ltr'><strong>iu</strong></span> <span class='ocrx_word' id='word_1_52' title='bbox 627 1523 748 1589; x_wconf 89' lang='lat' dir='ltr'><strong>mediis</strong></span> <span class='ocrx_word' id='word_1_53' title='bbox 762 1530 922 1610; x_wconf 72' lang='lat' dir='ltr'><strong>expectat</strong></span> <span class='ocrx_word' id='word_1_54' title='bbox 934 1527 1054 1611; x_wconf 84' lang='lat' dir='ltr'><strong>cymba</strong></span> <span class='ocrx_word' id='word_1_55' title='bbox 1068 1526 1224 1609; x_wconf 85' lang='lat' dir='ltr'><strong>procellis.</strong></span> 
     </span>
    </p>
   </div>
   <div class='ocr_carea' id='block_1_4' title="bbox 469 1734 1210 1825">
    <p class='ocr_par' dir='ltr' id='par_1_4' title="bbox 469 1734 1210 1825">
     <span class='ocr_line' id='line_1_11' title="bbox 469 1734 1210 1825; baseline -0.001 -23"><span class='ocrx_word' id='word_1_56' title='bbox 469 1736 626 1822; x_wconf 80' lang='lat' dir='ltr'><strong>Raphael</strong></span> <span class='ocrx_word' id='word_1_57' title='bbox 639 1734 879 1805; x_wconf 83' lang='lat' dir='ltr'><strong>Volaterranos</strong></span> <span class='ocrx_word' id='word_1_58' title='bbox 894 1740 930 1805; x_wconf 89' lang='lat' dir='ltr'><strong>iu</strong></span> <span class='ocrx_word' id='word_1_59' title='bbox 944 1738 1210 1825; x_wconf 74' lang='lat' dir='ltr'><strong>Anthropologla.</strong></span> 
     </span>
    </p>
   </div>
   <div class='ocr_carea' id='block_1_5' title="bbox 298 1882 1377 2274">
    <p class='ocr_par' dir='ltr' id='par_1_5' title="bbox 298 1882 1377 2274">
     <span class='ocr_line' id='line_1_12' title="bbox 341 1882 1374 1967; baseline -0.006 -15"><span class='ocrx_word' id='word_1_60' title='bbox 341 1886 451 1952; x_wconf 82' lang='lat' dir='ltr'><strong>Dares</strong></span> <span class='ocrx_word' id='word_1_61' title='bbox 479 1883 645 1967; x_wconf 81' lang='lat' dir='ltr'><strong>Phrygius</strong></span> <span class='ocrx_word' id='word_1_62' title='bbox 671 1883 853 1949; x_wconf 88' lang='lat' dir='ltr'><strong>historicus</strong></span> <span class='ocrx_word' id='word_1_63' title='bbox 887 1884 1026 1967; x_wconf 85' lang='lat' dir='ltr'><strong>scripsit</strong></span> <span class='ocrx_word' id='word_1_64' title='bbox 1053 1885 1177 1949; x_wconf 85' lang='lat' dir='ltr'><strong>bellum</strong></span> <span class='ocrx_word' id='word_1_65' title='bbox 1205 1882 1374 1967; x_wconf 79' lang='lat' dir='ltr'><strong>Trojauutu</strong></span> 
     </span>
     <span class='ocr_line' id='line_1_13' title="bbox 299 1983 1377 2071; baseline -0.006 -16"><span class='ocrx_word' id='word_1_66' title='bbox 299 1987 430 2066; x_wconf 74' lang='lat' dir='ltr'><strong>Graece,</strong></span> <span class='ocrx_word' id='word_1_67' title='bbox 443 1988 479 2051; x_wconf 88' lang='lat' dir='ltr'><strong>in</strong></span> <span class='ocrx_word' id='word_1_68' title='bbox 492 2004 561 2071; x_wconf 91' lang='lat' dir='ltr'><strong>quo</strong></span> <span class='ocrx_word' id='word_1_69' title='bbox 582 1987 657 2071; x_wconf 89' lang='lat' dir='ltr'><strong>ipsc</strong></span> <span class='ocrx_word' id='word_1_70' title='bbox 680 1986 844 2064; x_wconf 73' lang='lat' dir='ltr'><strong>militavit,</strong></span> <span class='ocrx_word' id='word_1_71' title='bbox 867 1990 906 2052; x_wconf 87' lang='lat' dir='ltr'><strong>ut</strong></span> <span class='ocrx_word' id='word_1_72' title='bbox 927 1988 974 2052; x_wconf 87' lang='lat' dir='ltr'><strong>ait</strong></span> <span class='ocrx_word' id='word_1_73' title='bbox 994 1985 1156 2062; x_wconf 87' lang='lat' dir='ltr'><strong>Isidorus,</strong></span> <span class='ocrx_word' id='word_1_74' title='bbox 1178 1983 1377 2068; x_wconf 81' lang='lat' dir='ltr'><strong>primnsiero</strong></span> 
     </span>
     <span class='ocr_line' id='line_1_14' title="bbox 298 2084 1377 2173; baseline -0.005 -20"><span class='ocrx_word' id='word_1_75' title='bbox 298 2089 539 2166; x_wconf 86' lang='lat' dir='ltr'><strong>historicorum,</strong></span> <span class='ocrx_word' id='word_1_76' title='bbox 562 2088 621 2173; x_wconf 86' lang='lat' dir='ltr'><strong>qui</strong></span> <span class='ocrx_word' id='word_1_77' title='bbox 646 2088 780 2154; x_wconf 87' lang='lat' dir='ltr'><strong>tandem</strong></span> <span class='ocrx_word' id='word_1_78' title='bbox 806 2096 909 2172; x_wconf 90' lang='lat' dir='ltr'><strong>capto</strong></span> <span class='ocrx_word' id='word_1_79' title='bbox 935 2087 1002 2153; x_wconf 90' lang='lat' dir='ltr'><strong>Ilio</strong></span> <span class='ocrx_word' id='word_1_80' title='bbox 1024 2108 1098 2153; x_wconf 90' lang='lat' dir='ltr'><strong>cnm</strong></span> <span class='ocrx_word' id='word_1_81' title='bbox 1121 2087 1302 2151; x_wconf 79' lang='lat' dir='ltr'><strong>Antenoris</strong></span> <span class='ocrx_word' id='word_1_82' title='bbox 1315 2084 1377 2149; x_wconf 80' lang='lat' dir='ltr'><strong>lec·</strong></span> 
     </span>
     <span class='ocr_line' id='line_1_15' title="bbox 299 2187 1377 2274; baseline -0.005 -20"><span class='ocrx_word' id='word_1_83' title='bbox 299 2190 389 2255; x_wconf 89' lang='lat' dir='ltr'><strong>tione</strong></span> <span class='ocrx_word' id='word_1_84' title='bbox 403 2191 573 2268; x_wconf 82' lang='lat' dir='ltr'><strong>remansit,</strong></span> <span class='ocrx_word' id='word_1_85' title='bbox 595 2191 713 2257; x_wconf 87' lang='lat' dir='ltr'><strong>scribit</strong></span> <span class='ocrx_word' id='word_1_86' title='bbox 729 2189 903 2257; x_wconf 80' lang='lat' dir='ltr'><strong>Cornelius</strong></span> <span class='ocrx_word' id='word_1_87' title='bbox 918 2188 1051 2274; x_wconf 85' lang='lat' dir='ltr'><strong>Nepos,</strong></span> <span class='ocrx_word' id='word_1_88' title='bbox 1066 2190 1125 2273; x_wconf 90' lang='lat' dir='ltr'><strong>qni</strong></span> <span class='ocrx_word' id='word_1_89' title='bbox 1139 2208 1226 2273; x_wconf 90' lang='lat' dir='ltr'><strong>opus</strong></span> <span class='ocrx_word' id='word_1_90' title='bbox 1237 2187 1309 2271; x_wconf 86' lang='lat' dir='ltr'><strong>ejus</strong></span> <span class='ocrx_word' id='word_1_91' title='bbox 1322 2205 1377 2249; x_wconf 83' lang='lat' dir='ltr'><strong>sex</strong></span> 
     </span>
    </p>
   </div>
   <div class='ocr_carea' id='block_1_6' title="bbox 160 2289 1292 2376">
    <p class='ocr_par' dir='ltr' id='par_1_6' title="bbox 160 2289 1292 2376">
     <span class='ocr_line' id='line_1_16' title="bbox 160 2289 1292 2376; baseline -0.011 -11"><span class='ocrx_word' id='word_1_92' title='bbox 160 2359 167 2365; x_wconf 83' lang='lat'>.</span> <span class='ocrx_word' id='word_1_93' title='bbox 299 2291 417 2358; x_wconf 71' lang='lat' dir='ltr'><strong>librisb</strong></span> <span class='ocrx_word' id='word_1_94' title='bbox 431 2311 450 2357; x_wconf 94' lang='lat' dir='ltr'><strong>e</strong></span> <span class='ocrx_word' id='word_1_95' title='bbox 464 2291 587 2359; x_wconf 82' lang='lat' dir='ltr'><strong>Gracco</strong></span> <span class='ocrx_word' id='word_1_96' title='bbox 597 2293 769 2371; x_wconf 80' lang='lat' dir='ltr'><strong>convertit,</strong></span> <span class='ocrx_word' id='word_1_97' title='bbox 783 2289 972 2376; x_wconf 83' lang='lat' dir='ltr'><strong>dicavitque</strong></span> <span class='ocrx_word' id='word_1_98' title='bbox 988 2292 1112 2375; x_wconf 80' lang='lat' dir='ltr'><strong>crispo</strong></span> <span class='ocrx_word' id='word_1_99' title='bbox 1126 2289 1292 2355; x_wconf 77' lang='lat' dir='ltr'><strong>Sallustio.</strong></span> 
     </span>
    </p>
   </div>
   <div class='ocr_carea' id='block_1_7' title="bbox 523 2518 1166 2586">
    <p class='ocr_par' dir='ltr' id='par_1_7' title="bbox 523 2518 1166 2586">
     <span class='ocr_line' id='line_1_17' title="bbox 523 2518 1166 2586; baseline 0 -3"><span class='ocrx_word' id='word_1_100' title='bbox 523 2519 730 2586; x_wconf 85' lang='lat' dir='ltr'><strong>Possevinus</strong></span> <span class='ocrx_word' id='word_1_101' title='bbox 749 2518 969 2586; x_wconf 74' lang='lat' dir='ltr'><strong>Bibliotheca</strong></span> <span class='ocrx_word' id='word_1_102' title='bbox 993 2535 1090 2584; x_wconf 77' lang='lat' dir='ltr'><strong>xvir.</strong></span> <span class='ocrx_word' id='word_1_103' title='bbox 1111 2519 1166 2584; x_wconf 75' lang='lat'><strong>29.</strong></span> 
     </span>
    </p>
   </div>
   <div class='ocr_carea' id='block_1_8' title="bbox 299 2666 1387 3466">
    <p class='ocr_par' dir='ltr' id='par_1_8' title="bbox 300 2666 1379 2957">
     <span class='ocr_line' id='line_1_18' title="bbox 345 2666 1379 2756; baseline -0.002 -24"><span class='ocrx_word' id='word_1_104' title='bbox 345 2668 480 2733; x_wconf 86' lang='lat' dir='ltr'><strong>Daretis</strong></span> <span class='ocrx_word' id='word_1_105' title='bbox 505 2669 641 2754; x_wconf 83' lang='lat' dir='ltr'><strong>Phrygii</strong></span> <span class='ocrx_word' id='word_1_106' title='bbox 656 2669 698 2736; x_wconf 87' lang='lat' dir='ltr'><strong>de</strong></span> <span class='ocrx_word' id='word_1_107' title='bbox 721 2671 810 2737; x_wconf 91' lang='lat' dir='ltr'><strong>bello</strong></span> <span class='ocrx_word' id='word_1_108' title='bbox 829 2671 980 2756; x_wconf 83' lang='lat' dir='ltr'><strong>Trojano</strong></span> <span class='ocrx_word' id='word_1_109' title='bbox 1002 2670 1080 2736; x_wconf 86' lang='lat' dir='ltr'><strong>libri</strong></span> <span class='ocrx_word' id='word_1_110' title='bbox 1102 2668 1252 2735; x_wconf 77' lang='lat' dir='ltr'><strong>teruntur</strong></span> <span class='ocrx_word' id='word_1_111' title='bbox 1269 2687 1291 2732; x_wconf 82' lang='lat' dir='ltr'><strong>a</strong></span> <span class='ocrx_word' id='word_1_112' title='bbox 1304 2666 1379 2731; x_wconf 85' lang='lat' dir='ltr'><strong>Cor·</strong></span> 
     </span>
     <span class='ocr_line' id='line_1_19' title="bbox 300 2765 1378 2854; baseline 0.004 -23"><span class='ocrx_word' id='word_1_113' title='bbox 300 2768 390 2833; x_wconf 88' lang='lat' dir='ltr'><strong>uelio</strong></span> <span class='ocrx_word' id='word_1_114' title='bbox 405 2769 541 2854; x_wconf 86' lang='lat' dir='ltr'><strong>Nepote</strong></span> <span class='ocrx_word' id='word_1_115' title='bbox 555 2771 678 2837; x_wconf 69' lang='lat' dir='ltr'><strong>hauno</strong></span> <span class='ocrx_word' id='word_1_116' title='bbox 694 2772 839 2837; x_wconf 82' lang='lat' dir='ltr'><strong>carmine</strong></span> <span class='ocrx_word' id='word_1_117' title='bbox 858 2773 1007 2839; x_wconf 84' lang='lat' dir='ltr'><strong>Hernico</strong></span> <span class='ocrx_word' id='word_1_118' title='bbox 1021 2770 1147 2849; x_wconf 87' lang='lat' dir='ltr'><strong>donati,</strong></span> <span class='ocrx_word' id='word_1_119' title='bbox 1165 2770 1223 2835; x_wconf 88' lang='lat' dir='ltr'><strong>sed</strong></span> <span class='ocrx_word' id='word_1_120' title='bbox 1236 2765 1378 2852; x_wconf 79' lang='lat' dir='ltr'><strong>quisquis</strong></span> 
     </span>
     <span class='ocr_line' id='line_1_20' title="bbox 300 2868 986 2957; baseline 0 -21"><span class='ocrx_word' id='word_1_121' title='bbox 300 2868 357 2936; x_wconf 87' lang='lat' dir='ltr'><strong>ille</strong></span> <span class='ocrx_word' id='word_1_122' title='bbox 371 2869 480 2948; x_wconf 84' lang='lat' dir='ltr'><strong>inerit,</strong></span> <span class='ocrx_word' id='word_1_123' title='bbox 495 2891 609 2938; x_wconf 82' lang='lat' dir='ltr'><strong>vorsus</strong></span> <span class='ocrx_word' id='word_1_124' title='bbox 622 2892 691 2938; x_wconf 88' lang='lat' dir='ltr'><strong>uon</strong></span> <span class='ocrx_word' id='word_1_125' title='bbox 704 2873 857 2939; x_wconf 81' lang='lat' dir='ltr'><strong>videntur</strong></span> <span class='ocrx_word' id='word_1_126' title='bbox 870 2873 986 2957; x_wconf 86' lang='lat' dir='ltr'><strong>inepti.</strong></span> 
     </span>
    </p>

    <p class='ocr_par' dir='ltr' id='par_1_9' title="bbox 299 2967 1387 3466">
     <span class='ocr_line' id='line_1_21' title="bbox 344 2967 1380 3058; baseline -0.004 -22"><span class='ocrx_word' id='word_1_127' title='bbox 344 2970 506 3038; x_wconf 78' lang='lat' dir='ltr'><strong>Claudius</strong></span> <span class='ocrx_word' id='word_1_128' title='bbox 519 2974 695 3058; x_wconf 89' lang='lat' dir='ltr'><strong>Dasquius</strong></span> <span class='ocrx_word' id='word_1_129' title='bbox 716 2972 761 3039; x_wconf 87' lang='lat' dir='ltr'><strong>ad</strong></span> <span class='ocrx_word' id='word_1_130' title='bbox 784 2975 967 3041; x_wconf 84' lang='lat' dir='ltr'><strong>orationem</strong></span> <span class='ocrx_word' id='word_1_131' title='bbox 980 2972 1103 3039; x_wconf 88' lang='lat' dir='ltr'><strong>Basilii</strong></span> <span class='ocrx_word' id='word_1_132' title='bbox 1117 2967 1324 3038; x_wconf 84' lang='lat' dir='ltr'><strong>Seleueieusis</strong></span> <span class='ocrx_word' id='word_1_133' title='bbox 1336 2967 1380 3032; x_wconf 87' lang='lat' dir='ltr'><strong>de</strong></span> 
     </span>
     <span class='ocr_line' id='line_1_22' title="bbox 302 3070 1381 3159; baseline -0.01 -18"><span class='ocrx_word' id='word_1_134' title='bbox 302 3072 392 3149; x_wconf 71' lang='lat' dir='ltr'><strong>mie,</strong></span> <span class='ocrx_word' id='word_1_135' title='bbox 406 3076 644 3140; x_wconf 88' lang='lat' dir='ltr'><strong>commentario</strong></span> <span class='ocrx_word' id='word_1_136' title='bbox 658 3074 704 3141; x_wconf 85' lang='lat' dir='ltr'><strong>ad</strong></span> <span class='ocrx_word' id='word_1_137' title='bbox 715 3077 781 3141; x_wconf 85' lang='lat' dir='ltr'><strong>iste</strong></span> <span class='ocrx_word' id='word_1_138' title='bbox 795 3078 916 3143; x_wconf 84' lang='lat' dir='ltr'><strong>verbo:</strong></span> <span class='ocrx_word' id='word_1_139' title='bbox 931 3072 1147 3158; x_wconf 65' lang='grc' dir='ltr'><strong>μανθανίτωσαν</strong></span> <span class='ocrx_word' id='word_1_140' title='bbox 1156 3079 1210 3137; x_wconf 66' lang='grc' dir='ltr'><strong>τῶν</strong></span> <span class='ocrx_word' id='word_1_141' title='bbox 1221 3070 1381 3159; x_wconf 66' lang='grc' dir='ltr'><strong>ὅμβςωὸυ</strong></span> 
     </span>
     <span class='ocr_line' id='line_1_23' title="bbox 299 3173 1384 3263; baseline 0.001 -24"><span class='ocrx_word' id='word_1_142' title='bbox 299 3175 428 3262; x_wconf 67' lang='grc' dir='ltr'><strong>χορηγὸν</strong></span> <span class='ocrx_word' id='word_1_143' title='bbox 446 3176 576 3263; x_wconf 68' lang='grc' dir='ltr'><strong>Δβροχίᾳ</strong></span> <span class='ocrx_word' id='word_1_144' title='bbox 597 3174 804 3259; x_wconf 62' lang='lat' dir='ltr'><strong>ramim:</strong></span> <span class='ocrx_word' id='word_1_145' title='bbox 827 3176 971 3256; x_wconf 78' lang='lat' dir='ltr'><strong>Elatum,</strong></span> <span class='ocrx_word' id='word_1_146' title='bbox 995 3177 1113 3261; x_wconf 81' lang='lat' dir='ltr'><strong>iuquit,</strong></span> <span class='ocrx_word' id='word_1_147' title='bbox 1136 3176 1181 3242; x_wconf 80' lang='lat' dir='ltr'><strong>ad</strong></span> <span class='ocrx_word' id='word_1_148' title='bbox 1203 3173 1384 3259; x_wconf 83' lang='lat' dir='ltr'><strong>exemplum</strong></span> 
     </span>
     <span class='ocr_line' id='line_1_24' title="bbox 303 3270 1387 3363; baseline -0.006 -20"><span class='ocrx_word' id='word_1_149' title='bbox 303 3270 462 3363; x_wconf 86' lang='lat' dir='ltr'><strong>perquam</strong></span> <span class='ocrx_word' id='word_1_150' title='bbox 486 3278 647 3363; x_wconf 78' lang='lat' dir='ltr'><strong>ingeniosi</strong></span> <span class='ocrx_word' id='word_1_151' title='bbox 673 3278 814 3345; x_wconf 73' lang='lat' dir='ltr'><strong>Polites:</strong></span> <span class='ocrx_word' id='word_1_152' title='bbox 845 3278 1045 3344; x_wconf 90' lang='lat' dir='ltr'><strong>Nimborum</strong></span> <span class='ocrx_word' id='word_1_153' title='bbox 1067 3278 1228 3361; x_wconf 83' lang='lat' dir='ltr'><strong>pincerna</strong></span> <span class='ocrx_word' id='word_1_154' title='bbox 1249 3276 1387 3344; x_wconf 74' lang='lat' dir='ltr'><strong>Notusz&#39;</strong></span> 
     </span>
     <span class='ocr_line' id='line_1_25' title="bbox 303 3380 1026 3466; baseline -0.003 -20"><span class='ocrx_word' id='word_1_155' title='bbox 303 3401 381 3464; x_wconf 80' lang='lat' dir='ltr'><strong>qnae</strong></span> <span class='ocrx_word' id='word_1_156' title='bbox 394 3388 473 3448; x_wconf 90' lang='lat' dir='ltr'><strong>sunt</strong></span> <span class='ocrx_word' id='word_1_157' title='bbox 486 3383 589 3447; x_wconf 86' lang='lat' dir='ltr'><strong>verba</strong></span> <span class='ocrx_word' id='word_1_158' title='bbox 601 3380 624 3446; x_wconf 83' lang='lat' dir='ltr'>J</span> <span class='ocrx_word' id='word_1_159' title='bbox 626 3381 741 3466; x_wconf 82' lang='lat' dir='ltr'><strong>oseplri</strong></span> <span class='ocrx_word' id='word_1_160' title='bbox 756 3380 871 3447; x_wconf 88' lang='lat' dir='ltr'><strong>Iscani</strong></span> <span class='ocrx_word' id='word_1_161' title='bbox 887 3397 936 3446; x_wconf 81' lang='lat' dir='ltr'><strong>tr.</strong></span> <span class='ocrx_word' id='word_1_162' title='bbox 950 3380 1026 3446; x_wconf 75' lang='lat'><strong>294.</strong></span> 
     </span>
    </p>
   </div>
   <div class='ocr_carea' id='block_1_9' title="bbox 326 3604 1367 3679">
    <p class='ocr_par' dir='ltr' id='par_1_10' title="bbox 326 3604 1367 3679">
     <span class='ocr_line' id='line_1_26' title="bbox 326 3604 1367 3679; baseline -0.004 -9"><span class='ocrx_word' id='word_1_163' title='bbox 326 3604 501 3672; x_wconf 76' lang='lat' dir='ltr'><strong>Corradus</strong></span> <span class='ocrx_word' id='word_1_164' title='bbox 513 3609 758 3678; x_wconf 83' lang='lat' dir='ltr'><strong>Rittershusius</strong></span> <span class='ocrx_word' id='word_1_165' title='bbox 771 3612 806 3679; x_wconf 91' lang='lat' dir='ltr'><strong>io</strong></span> <span class='ocrx_word' id='word_1_166' title='bbox 816 3612 1059 3679; x_wconf 87' lang='lat' dir='ltr'><strong>commentario</strong></span> <span class='ocrx_word' id='word_1_167' title='bbox 1070 3612 1113 3677; x_wconf 86' lang='lat' dir='ltr'><strong>ad</strong></span> <span class='ocrx_word' id='word_1_168' title='bbox 1124 3606 1282 3677; x_wconf 82' lang='lat' dir='ltr'><strong>Guutlreri</strong></span> <span class='ocrx_word' id='word_1_169' title='bbox 1299 3620 1323 3668; x_wconf 80' lang='lat' dir='ltr'><strong>r.</strong></span> <span class='ocrx_word' id='word_1_170' title='bbox 1332 3605 1367 3668; x_wconf 84' lang='grc'><strong>4.</strong></span> 
     </span>
    </p>
   </div>
   <div class='ocr_carea' id='block_1_10' title="bbox 302 3751 1397 4151">
    <p class='ocr_par' dir='ltr' id='par_1_11' title="bbox 302 3751 1397 4151">
     <span class='ocr_line' id='line_1_27' title="bbox 345 3751 1397 3845; baseline 0.017 -27"><span class='ocrx_word' id='word_1_171' title='bbox 345 3752 386 3818; x_wconf 91' lang='lat' dir='ltr'><strong>In</strong></span> <span class='ocrx_word' id='word_1_172' title='bbox 400 3751 462 3820; x_wconf 86' lang='lat' dir='ltr'><strong>hac</strong></span> <span class='ocrx_word' id='word_1_173' title='bbox 476 3759 642 3826; x_wconf 87' lang='lat' dir='ltr'><strong>sententia</strong></span> <span class='ocrx_word' id='word_1_174' title='bbox 665 3759 805 3827; x_wconf 83' lang='lat' dir='ltr'><strong>delicias</strong></span> <span class='ocrx_word' id='word_1_175' title='bbox 827 3761 907 3828; x_wconf 81' lang='lat' dir='ltr'><strong>facit</strong></span> <span class='ocrx_word' id='word_1_176' title='bbox 931 3759 1000 3840; x_wconf 88' lang='lat' dir='ltr'><strong>ille,</strong></span> <span class='ocrx_word' id='word_1_177' title='bbox 1022 3755 1171 3845; x_wconf 84' lang='lat' dir='ltr'><strong>quisquis</strong></span> <span class='ocrx_word' id='word_1_178' title='bbox 1192 3758 1257 3833; x_wconf 56' lang='lat' dir='ltr'><strong>esi,</strong></span> <span class='ocrx_word' id='word_1_179' title='bbox 1276 3755 1340 3840; x_wconf 68' lang='lat' dir='ltr'><strong>(lul</strong></span> <span class='ocrx_word' id='word_1_180' title='bbox 1355 3752 1397 3819; x_wconf 64' lang='grc' dir='ltr'><strong>ὅθ</strong></span> 
     </span>
     <span class='ocr_line' id='line_1_28' title="bbox 303 3850 1395 3947; baseline 0.001 -28"><span class='ocrx_word' id='word_1_181' title='bbox 303 3850 393 3921; x_wconf 91' lang='lat' dir='ltr'><strong>bello</strong></span> <span class='ocrx_word' id='word_1_182' title='bbox 408 3855 552 3943; x_wconf 86' lang='lat' dir='ltr'><strong>Trojano</strong></span> <span class='ocrx_word' id='word_1_183' title='bbox 568 3862 701 3946; x_wconf 81' lang='lat' dir='ltr'><strong>scripsit</strong></span> <span class='ocrx_word' id='word_1_184' title='bbox 715 3862 847 3947; x_wconf 80' lang='lat' dir='ltr'><strong>polima,</strong></span> <span class='ocrx_word' id='word_1_185' title='bbox 864 3864 927 3928; x_wconf 92' lang='lat' dir='ltr'><strong>sub</strong></span> <span class='ocrx_word' id='word_1_186' title='bbox 941 3863 1075 3927; x_wconf 89' lang='lat' dir='ltr'><strong>nomine</strong></span> <span class='ocrx_word' id='word_1_187' title='bbox 1084 3859 1230 3926; x_wconf 83' lang='lat' dir='ltr'><strong>Cornelii</strong></span> <span class='ocrx_word' id='word_1_188' title='bbox 1243 3857 1395 3943; x_wconf 80' lang='lat' dir='ltr'><strong>Nepotis</strong></span> 
     </span>
     <span class='ocr_line' id='line_1_29' title="bbox 302 3954 1394 4050; baseline 0.005 -31"><span class='ocrx_word' id='word_1_189' title='bbox 302 3954 388 4021; x_wconf 84' lang='lat' dir='ltr'><strong>lalso</strong></span> <span class='ocrx_word' id='word_1_190' title='bbox 402 3978 441 4022; x_wconf 92' lang='lat' dir='ltr'><strong>se</strong></span> <span class='ocrx_word' id='word_1_191' title='bbox 454 3961 642 4044; x_wconf 86' lang='lat' dir='ltr'><strong>venditans,</strong></span> <span class='ocrx_word' id='word_1_192' title='bbox 656 3983 732 4029; x_wconf 90' lang='lat' dir='ltr'><strong>eum</strong></span> <span class='ocrx_word' id='word_1_193' title='bbox 746 3965 791 4030; x_wconf 89' lang='lat' dir='ltr'><strong>sit</strong></span> <span class='ocrx_word' id='word_1_194' title='bbox 800 3965 896 4049; x_wconf 76' lang='lat' dir='ltr'><strong>longe</strong></span> <span class='ocrx_word' id='word_1_195' title='bbox 907 3964 1082 4050; x_wconf 82' lang='lat' dir='ltr'><strong>posterior.</strong></span> <span class='ocrx_word' id='word_1_196' title='bbox 1110 3960 1331 4029; x_wconf 82' lang='lat' dir='ltr'><strong>‘canescant</strong></span> <span class='ocrx_word' id='word_1_197' title='bbox 1343 3959 1394 4024; x_wconf 82' lang='lat' dir='ltr'><strong>olii</strong></span> 
     </span>
     <span class='ocr_line' id='line_1_30' title="bbox 303 4058 1117 4151; baseline 0.006 -29"><span class='ocrx_word' id='word_1_198' title='bbox 303 4058 437 4137; x_wconf 72' lang='lat' dir='ltr'><strong>mento:</strong></span> <span class='ocrx_word' id='word_1_199' title='bbox 451 4062 511 4126; x_wconf 81' lang='lat' dir='ltr'><strong>&amp;c</strong></span> <span class='ocrx_word' id='word_1_200' title='bbox 554 4063 681 4133; x_wconf 85' lang='lat' dir='ltr'><strong>Versus</strong></span> <span class='ocrx_word' id='word_1_201' title='bbox 691 4065 795 4132; x_wconf 84' lang='lat' dir='ltr'><strong>trabes</strong></span> <span class='ocrx_word' id='word_1_202' title='bbox 810 4066 905 4132; x_wconf 88' lang='lat' dir='ltr'><strong>initio</strong></span> <span class='ocrx_word' id='word_1_203' title='bbox 917 4060 992 4131; x_wconf 85' lang='lat' dir='ltr'><strong>libri</strong></span> <span class='ocrx_word' id='word_1_204' title='bbox 1007 4064 1117 4151; x_wconf 87' lang='lat' dir='ltr'><strong>primi.</strong></span> 
     </span>
    </p>
   </div>
   <div class='ocr_carea' id='block_1_11' title="bbox 335 4208 1483 4314">
    <p class='ocr_par' dir='ltr' id='par_1_12' title="bbox 335 4208 1483 4314">
     <span class='ocr_line' id='line_1_31' title="bbox 335 4208 1483 4314; baseline 0 -22"><span class='ocrx_word' id='word_1_205' title='bbox 335 4246 348 4273; x_wconf 84' lang='lat'>⁸</span> <span class='ocrx_word' id='word_1_206' title='bbox 364 4237 479 4305; x_wconf 67' lang='lat' dir='ltr'><strong>legend.</strong></span> <span class='ocrx_word' id='word_1_207' title='bbox 496 4240 591 4294; x_wconf 78' lang='lat' dir='ltr'><strong>lnlnlr.</strong></span> <span class='ocrx_word' id='word_1_208' title='bbox 736 4245 815 4298; x_wconf 71' lang='lat' dir='ltr'><strong>bSos</strong></span> <span class='ocrx_word' id='word_1_209' title='bbox 826 4242 1024 4314; x_wconf 77' lang='lat' dir='ltr'><strong>librerloseplrl</strong></span> <span class='ocrx_word' id='word_1_210' title='bbox 1039 4244 1121 4296; x_wconf 70' lang='lat' dir='ltr'><strong>nutri</strong></span> <span class='ocrx_word' id='word_1_211' title='bbox 1133 4244 1363 4305; x_wconf 62' lang='lat' dir='ltr'><strong>viperarum.</strong></span> <span class='ocrx_word' id='word_1_212' title='bbox 1482 4208 1483 4215; x_wconf 20' lang='lat' dir='ltr'><strong>l</strong></span> 
     </span>
    </p>
   </div>
   <div class='ocr_carea' id='block_1_12' title="bbox 0 0 1520 4916">
    <p class='ocr_par' dir='ltr' id='par_1_13' title="bbox 0 0 1520 4916">
     <span class='ocr_line' id='line_1_32' title="bbox 0 0 1520 4916; baseline 0 0"><span class='ocrx_word' id='word_1_213' title='bbox 0 0 1520 4916; x_wconf 95' lang='lat' dir='ltr'><strong> </strong></span> 
     </span>
    </p>
   </div>
  </div>
 </body>
</html>
