3034 4928
293 378 348 444 48»
553 391 633 442 rac.
657 385 847 439 ranrzourr
875 382 1122 436 urssunrrrru

294 535 488 618 etcopiose
511 531 753 597 confutavimus
774 531 808 593 in
823 528 1062 612 superioribus.
1107 527 1160 590 De
1182 523 1242 591 illu
1268 533 1384 590 autem
1500 550 1502 625 ᾗ

295 636 451 717 Prologo,
469 652 569 717 quem
583 632 687 695 solum
703 632 738 694 in
761 629 833 693 suis
847 630 897 693 ait
918 628 1053 710 reperiri
1067 625 1171 691 Mstis
1185 625 1385 701 (lodicibus,
1501 630 1502 641 ¹

294 735 411 799 lubens
425 733 542 798 iverim
557 733 591 795 in
606 730 804 801 sententiam
820 727 1017 810 amplissimi
1027 725 1199 802 Obreobti,
1215 725 1386 807 qniillnnr

296 834 415 899 Grsece
429 833 580 915 primitus
594 829 768 910 scriptum,
783 834 818 890 et
836 825 958 890 Graecu
974 824 1090 907 Dict'yi
1107 824 1317 908 premissum
1332 824 1387 887 su·

296 936 366 999 isse
382 933 569 998 arbitratur.
613 929 668 993 lta
680 947 758 992 vero
773 934 807 991 et
824 925 881 989 ille
899 945 943 990 ex
959 925 1082 990 Greeco
1096 924 1212 988 debuit
1233 942 1387 988 sermone

296 1036 330 1098 in
341 1033 495 1099 Latinum
504 1051 579 1095 esse
590 1029 858 1105 translatus,nun
872 1034 983 1090 tumen
997 1045 1018 1089 a
1033 1024 1210 1107 Septimio,
1220 1026 1350 1109 quippe
1364 1042 1387 1087 a

296 1154 363 1235 quo
377 1135 411 1197 iu
425 1131 626 1214 quibusdam
640 1129 676 1192 in
690 1129 821 1193 diversa
835 1122 918 1206 abit,
931 1134 966 1193 et
982 1125 1218 1209 cujusidcirco
1232 1133 1386 1208 tempore

295 1233 439 1300 noudum
452 1231 604 1295 extitisse
620 1227 763 1306 videtur,
778 1232 868 1291 certe
883 1245 948 1291 uon
969 1228 1003 1291 in
1017 1227 1173 1291 omnibns
1186 1226 1388 1308 exemplari·

296 1336 372 1410 bus,
387 1350 497 1414 neque
512 1329 597 1394 adeo
611 1329 646 1392 iu
660 1328 715 1406 iis,
731 1347 807 1411 qnae
823 1328 856 1390 in
871 1327 1025 1411 Septimii
1039 1346 1156 1392 manus
1171 1326 1387 1391 devenerunt.

297 1434 396 1499 Putet
414 1430 492 1493 iude
517 1448 618 1512 quarn
637 1428 725 1493 male
747 1427 846 1508 igitur
867 1446 943 1490 enm
966 1424 1037 1491 Iseo
1050 1425 1199 1491 Allatius
1217 1446 1279 1508 pru
1294 1426 1387 1491 illius

298 1549 433 1617 quoque
448 1530 574 1613 prologi
589 1533 726 1592 auctore
740 1527 878 1602 babeat,
902 1531 936 1590 et
960 1526 1037 1590 ideo
1051 1526 1118 1590 sibi
1132 1526 1267 1591 incante
1288 1527 1388 1591 nimis

298 1634 477 1710 adversari,
491 1632 526 1695 in
550 1629 693 1711 Prologo
709 1627 784 1692 scil.
797 1632 831 1691 et
851 1626 1019 1721 Epistola,
1031 1631 1135 1710 putet,
1150 1627 1192 1691 de
1215 1626 1293 1692 Pet.
1309 1626 1387 1691 Ho-

297 1732 381 1800 meri
395 1732 447 1797 bt).
480 1730 552 1814 lige
565 1748 641 1794 reru
657 1729 837 1809 Prologum
852 1727 940 1791 bunc
949 1728 992 1792 ab
1002 1729 1117 1810 ignoto
1131 1729 1229 1792 nubis
1242 1728 1388 1805 bomine,

298 1843 335 1901 et
358 1818 484 1898 incerto
510 1837 656 1913 tempore
684 1836 721 1892 ut
741 1828 915 1892 formatum
938 1829 1055 1910 primo,
1076 1829 1126 1892 itu
1146 1827 1223 1892 dein
1252 1829 1295 1892 ab
1316 1830 1387 1893 ulio

298 1936 399 2001 etiam
415 1952 545 1998 versum
561 1929 681 1995 Latine
702 1928 908 2005 crediderim,
928 1930 1008 2011 quia
1030 1928 1127 2010 plura
1148 1928 1193 1992 ud
1214 1929 1390 1994 historiam

298 2035 426 2101 inventi
441 2033 561 2116 Operis
575 2031 773 2114 pertinentia
787 2029 989 2106 coemebat,
1002 2049 1103 2113 quern
1126 2030 1279 2112 Septimii
1296 2030 1390 2095 illins

299 2134 462 2221 Epistula.
507 2131 595 2211 Quoe
613 2138 649 2195 et
670 2149 776 2195 causa
799 2130 911 2194 forsan
924 2129 999 2206 fuit,
1013 2149 1117 2212 quare
1139 2130 1174 2192 in
1186 2130 1392 2211 quibusdam

300 2236 398 2302 codd.
414 2233 681 2317 nonreperistur,
695 2230 812 2296 inaliis
826 2250 907 2295 reru
922 2229 1038 2313 ejectm
1052 2229 1206 2315 Septimii
1220 2228 1392 2313 Epistulae

300 2338 347 2402 sit
364 2335 576 2401 substitutus.

344 2450 460 2499 xxxi.
483 2433 637 2497 Ceterum
659 2430 828 2513 Interpres
850 2433 919 2509 ille,
933 2433 1087 2516 quisquis
1106 2432 1183 2508 fuit,
1199 2430 1391 2496 accommo-

300 2536 399 2599 dasse
413 2540 523 2596 tamen
543 2550 620 2593 enm
637 2530 768 2594 videtur
782 2531 824 2594 ad
840 2531 993 2596 Latinum
1006 2533 1089 2596 banc
1108 2533 1248 2615 Dictyos
1262 2533 1392 2597 versio-

300 2653 390 2712 nem,
404 2630 566 2714 siquidem
588 2637 758 2694 auctorem
783 2633 894 2714 ipsum
915 2633 950 2696 iu
974 2650 1037 2696 sex
1057 2639 1185 2696 tanturn
1207 2632 1391 2709 volumina,

301 2739 384 2819 quot
404 2737 480 2797 sunt
500 2731 598 2814 hujus
620 2730 793 2813 versionis,
821 2731 995 2797 historiam
1017 2732 1201 2815 digessisse
1228 2733 1290 2810 ait,
1314 2753 1394 2797 cnm

301 2833 444 2900 dracus
468 2832 591 2915 Dictys
607 2830 701 2895 illius
725 2832 876 2897 Praxeos
891 2833 925 2896 in
950 2852 1070 2897 novem
1090 2833 1189 2897 inerit
1202 2834 1255 2897 vel
1269 2832 1392 2897 decem

301 2933 470 3000 volumina
483 2932 625 3009 divisus,
639 2939 676 2996 nt
687 2951 733 2996 ex
748 2932 901 3015 Septimii
917 2934 1070 3017 Epistula
1084 2942 1120 2998 et
1131 2934 1237 2998 Suida
1247 2940 1394 2998 constat.

302 3034 419 3100 Sedet
435 3033 558 3097 erravit
580 3039 699 3097 unctor
722 3033 814 3098 illins
828 3034 964 3114 Prologi
986 3034 1019 3097 in
1040 3054 1094 3112 eo,
1111 3033 1201 3116 quod
1227 3035 1275 3098 ait
1299 3034 1396 3117 ‘jus-

302 3132 412 3201 sisse'
435 3132 602 3197 Neronem
629 3133 685 3196 ‘in
709 3132 866 3198 Graecum
897 3152 1083 3198 sermonem
1111 3135 1175 3196 ista
1198 3133 1395 3210 transferri,’

302 3236 398 3319 quasi
420 3234 488 3299 aliu
512 3233 657 3298 luissent
688 3254 838 3299 sermone
863 3234 1068 3317 conscripta.
1112 3233 1255 3298 Rectius
1278 3234 1396 3317 Septi·

300 3338 390 3402 mins
415 3334 629 3400 ‘Orationem
657 3334 760 3399 fuisse
784 3333 958 3400 Groeeam'
981 3334 1130 3410 affirmat,
1153 3333 1299 3398 ‘literis'
1318 3342 1397 3399 tan·

301 3443 371 3501 tum
394 3433 556 3500 ‘Punicis
569 3434 812 3517 conscriptam,’
828 3434 918 3516 quod
940 3436 1050 3517 ipsum
1072 3436 1187 3516 ntique
1201 3434 1276 3516 ipse
1289 3434 1397 3498 etiarn

302 3541 422 3598 auctor
443 3534 552 3614 operis
573 3554 643 3615 pree
657 3554 695 3598 se
710 3537 776 3599 fert
803 3536 861 3600 lib.
878 3551 912 3599 ν.
928 3555 1005 3618 cap.
1021 3537 1074 3600 17.
1118 3534 1175 3598 An
1188 3552 1267 3617 ergo
1282 3534 1399 3598 voluit

304 3633 478 3711 Prologus,
492 3630 573 3711 quia
593 3631 705 3695 ioman
721 3634 876 3699 obsoleto
902 3643 936 3698 et
957 3636 1100 3700 barbero
1121 3634 1225 3701 ferme
1238 3653 1397 3700 sermone

301 3730 441 3798 historia
454 3729 529 3794 herc
551 3730 704 3795 oousnlto
719 3732 782 3796 suit
799 3753 822 3797 a
836 3733 981 3799 Praxide
1001 3735 1204 3817 compositu,
1219 3733 1402 3801 redactam

302 3851 377 3897 eum
388 3832 488 3916 jussu
510 3831 665 3909 Neronis,
681 3832 824 3898 sublatis
836 3834 906 3898 illis
919 3836 1078 3900 obsoletis
1097 3842 1133 3898 et
1146 3835 1344 3918 peregrinis,
1359 3836 1402 3901 in

303 3934 444 3997 nitorem
458 3931 581 4013 liuguae
595 3937 672 3996 tunc
682 3934 853 4010 usitatum,
863 3951 961 4015 arque
974 3954 1015 3999 ac
1024 3933 1163 3999 Punicae
1175 3934 1284 3998 literm
1299 3953 1402 4000 com·

301 4036 439 4099 mntutm
460 4028 695 4098 suutAtticist
739 4034 782 4097 Id
807 4053 905 4115 poene
928 4035 1153 4112 credidissem,
1168 4036 1246 4118 quia
1260 4043 1401 4102 cetero-

303 4131 382 4217 quin
402 4132 458 4198 ille
483 4132 647 4215 Prologus
674 4133 794 4201 diserte
817 4135 917 4203 nimis
942 4139 1070 4202 auctori
1093 4156 1156 4200 suo
1177 4135 1401 4218 adversatur,
