2992 4910
411 408 461 455 nr
484 405 604 457 sunno
626 406 797 456 rrotiuo
821 409 894 458 nis.
917 412 967 458 ιν.
1156 397 1226 464 233

116 552 552 629 fsrtstileecutodecutiens,u
574 551 661 616 bend
683 553 815 634 semion
828 553 1021 619 imminerev
1064 556 1220 641 Denique

123 655 323 720 Philocteta
344 673 414 730 eos,
431 653 490 736 qni
514 653 548 716 in
572 653 674 716 muris
692 652 796 717 locuti
809 659 912 732 eruut,
934 655 1062 720 eminus
1085 658 1220 740 sagittis

125 756 318 839 proturbat,
344 755 469 818 multos
490 753 658 819 interficit.
712 753 832 838 Neque
858 772 957 820 tectu
983 776 1005 821 u
1024 758 1163 842 reliquis
1184 760 1219 824 in

126 861 225 940 parte
238 856 305 920 siin
316 875 370 920 res
383 861 501 935 geste.
543 853 658 939 Atque
672 874 715 920 en
731 856 786 920 die
805 856 924 921 ermen
937 875 1119 941 eversoque
1133 879 1215 925 moe-

126 959 184 1021 niu
198 957 341 1022 bostium
363 957 483 1033 forent,
497 956 533 1020 ni
549 974 619 1037 nox
637 958 708 1040 jem
731 959 887 1038 ingruens
901 963 1036 1021 nostros
1051 959 1094 1023 eb
1108 958 1218 1043 incep-
1272 1006 1276 1011 ·

126 1063 163 1122 to
178 1058 399 1123 cohibuisset.
442 1055 512 1135 Qui
525 1057 586 1121 ubi
600 1057 646 1121 sd
661 1076 760 1122 noves
775 1058 916 1139 regressi
933 1067 1023 1137 suot,
1045 1060 1116 1124 luti
1139 1061 1218 1125 Phi-

123 1159 262 1225 ioctetse
288 1158 510 1235 facinoribus,
533 1164 570 1222 et
596 1159 642 1224 ob
668 1160 702 1223 id
726 1159 906 1224 maximnm
930 1163 1043 1226 enimn
1065 1160 1219 1227 nduunm

124 1267 312 1343 gestantes,
327 1278 455 1322 mmmo
468 1258 584 1324 levore
598 1278 639 1325 eo
652 1260 809 1325 laudibus
819 1263 940 1327 ducem
954 1263 1136 1328 celebrant.
1150 1261 1220 1341 Qui

129 1361 234 1425 simul
247 1380 324 1426 com
339 1360 425 1436 luce,
439 1358 612 1444 adjunctis
626 1361 690 1425 sibi
706 1362 843 1446 reliquis
854 1363 1009 1441 ducibus,
1018 1363 1053 1428 in
1066 1363 1219 1447 praelium

128 1480 296 1544 οςηεειις,
309 1461 422 1527 hostes
437 1469 529 1525 metu
552 1462 606 1526 soi
628 1461 713 1526 odeo
727 1463 897 1541 detorruit,
919 1472 957 1529 ut
973 1465 1030 1528 vir
1046 1483 1085 1529 se
1098 1466 1219 1529 moeni·

124 1563 191 1627 bne
206 1563 429 1629 defensarent
472 1562 553 1645 [ii]
576 1564 711 1628 interim
733 1563 981 1649 Neoptolemus
1001 1565 1092 1650 opud
1109 1574 1219 1631 tumu-

123 1663 193 1727 lum
207 1662 368 1751 Aobillis,
384 1672 566 1748 postquam
582 1664 615 1727 in
630 1668 800 1730 auctorem
821 1671 968 1749 putemne
988 1666 1095 1731 ceedis
1110 1665 1219 1732 vindi·

126 1772 243 1829 cuturn
260 1774 328 1842 est,
343 1765 472 1830 initium
487 1764 622 1847 lugendi
636 1766 759 1841 sumit,
769 1770 804 1830 et
824 1784 891 1829 unu
904 1784 981 1830 cnm
999 1765 1156 1833 Pboenice
1169 1777 1218 1834 ut·

125 1884 194 1950 que
209 1865 302 1929 omni
316 1864 563 1949 Myrmidonum
577 1865 738 1936 exercitu,
753 1862 869 1930 domes
883 1866 1035 1949 sepulcro
1048 1867 1217 1951 deponit,w

128 1972 371 2051 pernoctetque
392 1967 426 2031 in
445 1968 546 2032 loco.¹
589 1968 654 2032 Por
674 1967 762 2031 idem
784 1974 919 2052 tempus
940 1967 1003 2032 filii
1016 1967 1218 2046 Antimoobi,

130 2065 178 2130 de
199 2087 269 2151 quo
290 2086 391 2150 suprs
410 2068 692 2146 memoravimus?
713 2068 865 2153 adjuncti
891 2067 1018 2134 Priami
1039 2069 1150 2146 rebus,
1173 2069 1218 2135 ud

127 2166 302 2233 Helenum
315 2169 610 2252 venientemque
624 2174 662 2233 nt
676 2169 719 2234 sd
730 2170 912 2234 amicitiem
925 2189 1002 2234 cnm
1012 2171 1083 2235 suis
1093 2170 1218 2249 redeut,

126 2268 313 2353 deprecati,
327 2270 388 2335 ubi
401 2269 484 2334 nibil
499 2270 687 2353 proficiunt,
701 2270 743 2336 ed
755 2290 836 2335 suos
850 2279 1046 2348 remeantes,
1062 2272 1219 2338 Diomedi

129 2375 232 2453 utque
259 2367 359 2453 Ajsci
388 2370 508 2435 ulteri¹
543 2371 669 2435 itineris
694 2371 804 2436 medio
832 2379 1029 2436 occurruntr
1066 2372 1110 2437 ab
1139 2372 1218 2457 quis

127 2470 373 2553 comprehensi,
389 2470 607 2557 perductique
622 2473 667 2538 od
681 2491 797 2550 noves,
812 2472 949 2557 quinum
964 2480 1085 2552 essent,
1099 2479 1133 2539 et
1147 2494 1216 2540 rem

125 2572 172 2637 ob
185 2590 287 2656 quum
301 2577 459 2637 venerunt
479 2591 611 2637 omnem
633 2573 829 2658 expediunt.
872 2573 957 2638 Tum
978 2575 1142 2640 recordati
1155 2595 1219 2660 pe·

122 2671 186 2737 tris
209 2691 336 2748 eorum,
358 2675 394 2736 et
414 2692 490 2757 quae
513 2671 687 2738 adversum
709 2676 839 2758 legatos
860 2674 992 2754 dixerit,
1013 2676 1218 2762 molitasque

122 2773 182 2852 sit,
198 2772 288 2838 bodi
300 2790 362 2836 eos
378 2773 609 2856 popularibus,
624 2778 726 2858 ntque
741 2780 816 2841 onte
831 2783 1046 2859 conspectum
1060 2778 1218 2843 borbero·
1339 2846 1344 2849 .

121 2892 195 2939 rum
211 2873 359 2958 produci
368 2873 503 2956 jubent,
518 2874 594 2972 dein
607 2876 777 2959 lapidibus
791 2877 922 2961 injectis
936 2881 1058 2944 necari.
1080 2878 1217 2944 interim
1240 2866 1248 2881 '

120 2972 312 3042 Alexandri
325 2973 447 3039 sunus·
468 2994 529 3057 per
544 2983 673 3058 partem
689 2976 811 3043 elium!
834 2977 877 3042 sd
892 2978 1166 3062 OEnnneu1,qnse
1187 2978 1219 3042 ei

620 3176 725 3228 NO'l'AE

159 3278 173 3303 ¹
192 3269 275 3319 Mc
284 3274 348 3319 ems
357 3269 488 3335 domim]
503 3270 588 3335 Super
599 3285 654 3323 mo-
692 3287 776 3323 mento
786 3270 892 3335 eosdem,
900 3271 932 3321 ad
941 3269 1004 3320 illud
1012 3267 1109 3331 Hymn.
1118 3266 1145 3316 in
1155 3264 1220 3314 Dis·

123 3343 267 3395 dominiis
280 3345 449 3408 grassbstnr3
466 3347 511 3397 sed
523 3356 654 3399 satamon
694 3360 769 3396 nam:
787 3344 908 3408 reterre
923 3343 949 3393 ti
961 3343 1072 3407 γέροντα
1086 3342 1123 3405 ἐφ’
1134 3338 1217 3390 video·

121 3418 208 3470 facile
220 3417 377 3471 decedebat
410 3420 475 3471 Rem
490 3424 590 3486 miram,
605 3423 655 3474 sci.
696 3419 953 3472 ‘Tondentnrsutrm
963 3430 1124 3480 sonsssnper
1134 3412 1220 3465 iiiios!

119 3495 202 3546 licet.
725 3502 738 3529 ¹
754 3492 1034 3558 Pmsetnlqseislsso]
1052 3491 1218 3546 Quodstiarn

154 3577 168 3604 ¹
178 3568 324 3634 Imm]
334 3569 422 3627 idest,
434 3572 539 3633 instare,
546 3579 573 3622 st
581 3571 655 3638 qnasi
694 3571 829 3635 aliquoties
839 3569 1032 3620 obstruebatur.

119 3647 161 3696 sis
172 3647 336 3697 incombere.
362 3647 500 3710 Egregim
512 3647 589 3711 plane
600 3662 657 3697 rer·
724 3656 737 3691 5
755 3647 817 3697 Filii
826 3647 963 3698 Aatdsscii
977 3649 1007 3698 dr
1024 3662 1067 3712 qus
1083 3661 1155 3712 ssprs
1170 3660 1220 3697 su·

120 3721 197 3771 baar.
213 3721 322 3771 lltiaarn
333 3722 361 3771 in
373 3721 478 3787 reliquis
488 3723 604 3772 omnibus
614 3737 656 3773 se·
693 3721 843 3785 unum]
854 3722 911 3772 Lib.
920 3736 951 3773 11.
962 3722 1006 3772 nbi
1017 3722 1155 3785 sitacium
1164 3734 1219 3770 otn-

122 3811 155 3847 se
165 3797 206 3846 lta
214 3796 366 3861 deligentem
378 3806 516 3862 prostaret
527 3800 633 3863 Dictys.
695 3799 765 3847 uinus
776 3796 956 3849 Antimachum
975 3799 1001 3848 in
1021 3799 1128 3860 gratiam
1140 3797 1219 3848 Aias·

159 3879 177 3905 '
197 3873 282 3921 cm
295 3874 401 3936 mm
417 3874 524 3938 depsstt]
543 3876 595 3928 Qui
614 3890 654 3925 so·
695 3871 768 3922 andri
782 3872 919 3922 adversum
929 3877 1037 3922 cunctos
1048 3874 1222 3933 recismassse

120 3945 214 3997 huis
223 3959 276 3993 uros
287 3945 345 3996 tait.
367 3948 475 3998 Homer.
486 3949 519 3998 de
530 3950 655 4000 Patroclo
667 3994 675 4011 ,
694 3962 752 3998 cnm
763 3948 911 3999 Menelaum
923 3947 1015 4011 injuste
1028 3948 1147 4012 iniurium
1159 3963 1218 4013 pas-

118 4022 159 4073 11.
168 4026 204 4070 v.
236 4020 297 4083 Opti
311 4021 426 4072 disens
439 4022 655 4075 mesraim
694 4023 938 4073 snmdecemsrent.
1025 4040 1032 4055 ·

115 4099 150 4151 ds
160 4095 312 4154 drdfflv·
334 4100 462 4165 ‘Capillis
473 4108 560 4151 antem
572 4108 654 4151 totum
726 4106 736 4132 ¹
752 4099 823 4161 ,dinei
832 4098 915 4162 dicei]
938 4098 982 4149 Sic
997 4112 1099 4164 semper
1109 4098 1218 4163 Ajacem

111 4182 258 4228 mennon
275 4175 398 4237 ugentes
409 4189 475 4241 qnos
487 4175 654 4238 injiciebant!
696 4176 799 4228 Oileorn
810 4181 895 4224 vocat.

109 4251 169 4302 ssed
182 4240 269 4316 supe
277 4250 336 4315 boc,
347 4252 424 4317 pinrs
434 4249 461 4300 in
470 4249 655 4301 Callimachum
727 4258 739 4285 ⁸
753 4250 887 4327 Alepssdri
897 4251 986 4315 sttsss]
1008 4248 1095 4301 Nolim
1103 4247 1153 4296 bon
1164 4242 1220 4292 iul·
