3070 4922
452 411 501 460 nn
524 409 643 458 nunno
666 409 837 460 ruorsuo
862 415 936 465 crs.
959 416 1010 463 ιι.
1199 405 1264 471 tat

220 558 267 622 At
280 555 446 621 Teuthras
460 554 517 618 ubi
530 552 614 617 dura
625 554 724 634 aegris
738 555 881 619 insidere
894 556 988 621 fibris

178 658 305 737 Altius,
320 662 353 721 et
368 662 490 720 certam
505 654 840 720 minitantiarulneru
853 666 994 723 mortem
1199 663 1264 728 400

177 762 295 825 Sentit
339 758 441 820 Habe
456 754 599 832 Moesos,
612 755 731 838 inquit,
745 764 789 832 te,
805 757 964 842 Telephe,
976 768 1085 825 noster

177 859 296 926 Poscit
309 859 425 935 honos,
441 856 518 938 quis
533 857 619 919 enim
635 858 784 941 propior,
800 860 877 942 quis
891 860 1021 941 dignior
1035 864 1166 929 haeresi

177 962 236 1026 Me
248 967 326 1025 tuus
339 957 491 1034 Alcides,
502 956 685 1021 Thracensi
700 968 837 1041 urgente
848 967 1003 1043 tyranno,
1059 946 1063 953 ’

179 1061 342 1125 Edomitis
356 1059 501 1123 absolvit
513 1059 621 1141 equis,
637 1063 827 1143 sceptrique
842 1064 988 1144 quietem

177 1162 310 1236 sanxit,
325 1168 359 1224 et
373 1167 517 1223 armatos
530 1159 565 1222 in
579 1177 696 1241 pacem
710 1161 852 1226 reddidit
866 1181 983 1230 annos.
1196 1167 1262 1231 405
1386 1148 1394 1159 ’

179 1262 246 1324 His
259 1262 384 1324 meritis
398 1261 458 1324 tihi
470 1278 571 1342 regna
585 1259 715 1338 damus,
730 1280 809 1344 quaa
825 1264 949 1346 perlida
964 1264 1027 1331 fati

178 1363 235 1425 lra
246 1370 344 1444 negat
357 1359 507 1444 praedsta
521 1361 621 1425 mihi:
644 1368 675 1426 te
691 1361 798 1427 lenius
813 1371 938 1429 estrnm

178 1462 218 1525 ln
232 1464 357 1527 senium
371 1479 529 1544 serosque
541 1461 614 1526 dies
628 1469 663 1527 et
676 1482 803 1528 summa
816 1475 963 1530 reservet

176 1564 351 1646 Tempora,
368 1581 469 1644 regno
484 1561 642 1629 hilarem:
666 1565 725 1628 vix
741 1565 824 1645 haec,
839 1574 874 1631 et
887 1566 1006 1650 frigida
1020 1568 1120 1633 fessis

176 1663 323 1746 Atropos
337 1664 473 1746 inserpit
482 1664 598 1744 labris,
614 1667 749 1730 turbata
760 1667 931 1748 rigescunt
1198 1672 1264 1736 440

176 1765 328 1839 Lumina,
343 1764 463 1828 hebent
476 1784 608 1843 sensus,
623 1768 767 1847 vivoque
782 1776 884 1830 exuta
898 1767 1009 1830 calore

176 1865 330 1928 Membra
343 1866 417 1947 gelu
428 1866 550 1931 lethale
564 1867 674 1932 suhit:
698 1885 792 1931 mens
805 1867 911 1932 libera
924 1867 1057 1932 tandem

173 1967 308 2043 Evolat,
324 1974 357 2031 et
368 1967 479 2031 socios
492 1968 577 2033 redit
587 1969 782 2051 inspectura
792 1968 944 2034 Triones.

215 2068 397 2151 Telephus,
412 2076 449 2133 ut
463 2089 589 2134 vacuos
602 2072 743 2154 spiranti
759 2071 919 2157 sangnine
934 2071 1045 2136 vultus

175 2167 357 2251 Conspicit,
373 2169 478 2234 effuso
493 2171 681 2236 miseranda
694 2172 729 2234 iu
745 2171 881 2235 vulnera
893 2170 981 2248 lictu,
1196 2174 1262 2237 445

176 2266 291 2332 Funus
304 2270 407 2335 herile
423 2273 540 2336 struitr
564 2272 726 2356 quiequid
737 2274 789 2336 vel
805 2273 928 2336 mulcet
941 2272 1055 2350 odore,

174 2367 242 2434 Vel
254 2371 374 2435 virtute
385 2373 468 2456 ligat
480 2391 613 2453 nervos,
629 2382 787 2458 artusque
801 2372 939 2437 fluentes

177 2469 340 2548 Continet,
351 2475 516 2555 aggeritur
530 2477 653 2541 husto:
676 2475 859 2559 compescit
873 2476 1015 2540 hiantem

177 2572 305 2636 Dextra
318 2592 473 2655 premens
485 2577 602 2654 ictum,
612 2579 740 2642 fluxum
756 2578 871 2643 domat
887 2588 980 2642 arcta
994 2594 1145 2641 cruorem

178 2671 310 2745 Fascia,
324 2680 358 2738 et
372 2676 531 2741 obtrusos
544 2679 667 2744 frustra
681 2684 782 2762 negat
795 2680 843 2744 ire
858 2686 998 2744 meatus·
1195 2673 1260 2741 450

217 2772 329 2857 Regia
341 2778 534 2859 conspicuis
548 2782 655 2845 moles
664 2781 962 2865 inscriptafiguris,
1001 2860 1007 2871 ⁵

660 2996 767 3048 NOTAE

204 3111 253 3157 ¹¹⁸⁴
271 3107 515 3173 &fllfflllltw'tleu
527 3111 627 3176 Suasit]
644 3112 695 3164 1²·-
736 3112 844 3162 Gemlua
866 3125 898 3161 ex
917 3111 1027 3174 Tragion
1047 3109 1111 3157 citat
1132 3104 1259 3155 Philode

173 3181 227 3241 piu.
240 3182 285 3231 ‘et
297 3196 385 3244 parem
396 3182 503 3234 fulmine
514 3186 617 3236 sanutu’
736 3187 827 3237 Mundi
837 3188 979 3247 incorrupt.
987 3199 1013 3246 p.
1024 3186 1081 3232 tat.
1114 3180 1188 3228 Ennii
1197 3179 1259 3243 Epi·

206 3260 254 3306 stt
269 3256 350 3307 &cler
364 3259 427 3309 redit
440 3260 696 3325 immunitiones]
734 3263 855 3314 thermus
866 3271 935 3310 terra
947 3272 1040 3320 corpur
1059 3262 1107 3316 est,
1123 3260 1151 3303 at
1166 3257 1260 3304 mentis

172 3331 268 3393 Papia.
286 3345 316 3382 rr.
339 3336 386 3384 ‘et
404 3336 508 3385 turornis
527 3336 626 3399 spicato
645 3336 696 3386 sihi
735 3338 802 3399 iguis
819 3342 869 3384 est.
901 3333 970 3381 Vide
984 3330 1041 3381 Jos.
1056 3328 1181 3391 Scaliger.
1192 3328 1260 3379 Con·

171 3408 258 3471 poscit
278 3407 305 3456 ln
327 3408 420 3465 astris:
445 3416 473 3461 et
497 3418 696 3475 'praereptaque
732 3410 799 3474 jeet.
810 3412 884 3470 par.
896 3406 1127 3457 sa‘l'rloumero
1138 3404 1261 3467 quesite·

171 3483 257 3534 noscit
268 3483 359 3535 Sidera
377 3486 585 3550 principiumque
604 3484 697 3535 sunm!
736 3486 840 3534 riouer:
867 3484 958 3533 Festus
981 3482 1006 3530 iu
1031 3479 1262 3542 ‘Septentriones’

168 3561 214 3611 Sic
223 3573 265 3611 vr.
272 3561 304 3609 de
312 3561 409 3610 metalli
418 3560 529 3613 iussere:
541 3560 697 3624 ‘Indignam
736 3559 821 3608 Varro
832 3571 870 3607 rr.
883 3557 1011 3620 delinges
1022 3554 1121 3605 Latius·
1143 3554 1260 3619 Scaliger

169 3647 221 3688 tem
243 3637 355 3686 solmam
377 3638 488 3700 propriis
509 3650 559 3686 unu
582 3634 696 3686 reddidit
736 3631 1214 3698 iucontest-padi.artriaderiratr
1230 3637 1260 3681 et

169 3714 263 3763 miris)
298 3711 392 3773 Stoici,
412 3712 569 3776 Pythagorei
586 3710 694 3761 animaru
736 3725 761 3774 p.
773 3714 813 3759 8³.
831 3710 941 3760 Triones
952 3722 1012 3758 vero
1019 3706 1204 3769 hismioni
1213 3719 1259 3770 pro

170 3802 203 3836 ex
230 3788 306 3838 utria
332 3787 496 3838 derivabant.
537 3790 640 3839 lmcret.
664 3800 695 3837 ιι.
735 3786 811 3839 astris
821 3791 965 3835 sumuntur.

170 3859 695 3925 ‘quodminumexetherircrir,'ldrur·
765 3865 813 3913 tar
832 3855 1062 3922 mamacas]
1084 3856 1150 3908 Qure
1162 3853 1260 3904 Noster

170 3949 227 3984 corn
243 3938 300 3987 coeli
313 3940 422 3987 relatum
435 3939 531 4002 templa
541 3936 695 4002 receptent!
734 3936 768 3985 de
779 3936 948 3992 Teuthrante,
966 3942 1113 3981 varenses
1132 3936 1207 3994 parte
1225 3928 1259 3979 de

170 4009 335 4071 Epicharmos
345 4013 412 4076 apud
424 4012 590 4063 Plutarchum
598 4016 624 4064 ln
634 4026 695 4064 con·
733 4012 846 4073 Telepho
857 4010 999 4073 lingebant.
1020 4007 1161 4055 Pausanias
1172 4006 1198 4055 in
1210 4005 1259 4055 Ar·

166 4085 245 4134 solut.
257 4085 289 4135 ad
300 4087 386 4151 Apoll.
400 4087 522 4151 mapsa
537 4089 576 4139 καὶ
591 4089 697 4153 trum,
734 4086 926 4148 cudiclspdtod.
939 4097 1050 4148 pugnat
1061 4082 1166 4132 Achillis
1177 4082 1259 4132 etl'e·

165 4159 206 4209 sal
217 4161 331 4224 ἄιῆλθιι,
342 4162 469 4223 walada
478 4161 551 4212 πάλιν
563 4164 598 4224 γᾶ
610 4162 654 4223 μὶν
664 4162 696 4215 alr
734 4160 804 4223 lephl
815 4160 891 4211 etism
903 4174 948 4210 sua
960 4166 1037 4210 astute
1049 4160 1151 4224 pletura
1162 4170 1255 4207 memo·

164 4237 222 4299 aar,
232 4238 324 4298 mem
334 4237 359 4287 st
370 4238 426 4287 trs·
441 4237 467 4288 al
476 4237 556 4289 rutuli
570 4237 695 4301 χαλαόνς
735 4234 842 4287 rabilem
853 4234 933 4287 fuisse
944 4234 1016 4288 dicta
