3034 4928
292 405 315 470 2
598 411 830 465 sennonteus
853 411 1087 465 nun.su1ns.
1209 448 1216 455 ,

334 574 373 623 s.
396 558 549 642 Denique
562 574 605 622 ue
619 557 716 642 cuius
726 556 800 622 hmo
815 562 885 621 tam
900 555 1005 622 nitida
1018 559 1127 638 egeret
1140 554 1259 636 aditio,
1271 555 1377 623 Num·

294 679 381 738 mos,
408 657 580 737 Gemmas,
605 676 647 723 ac
678 655 859 736 Marmore,
887 675 907 722 e
935 656 1104 721 variorum
1131 659 1378 725 commentariis

293 762 413 844 potita,
444 758 605 841 singulari
640 756 783 824 artificio
827 757 962 835 ooelata,
993 777 1059 823 uon
1096 757 1170 822 sine
1198 759 1377 837 sumtibus,

294 862 360 925 huc
388 857 628 935 transtulimus,
661 858 963 941 commentatioque
991 855 1064 942 (cui
1099 876 1219 922 nomen
1265 861 1378 924 Sceua

293 958 432 1041 linior)
443 977 508 1024 uou
529 958 683 1042 spinoso,
702 975 769 1022 non
791 957 946 1033 obscuro,
960 974 1028 1022 uon
1049 957 1200 1041 ancipiti,
1214 952 1391 1042 expians-⁶

294 1063 416 1126 vimus.

336 1159 551 1226 Subuootitur
579 1177 712 1243 quoqne
739 1156 862 1223 ceteris
880 1156 1140 1224 Praeiationibns
1164 1158 1206 1223 de
1232 1159 1375 1245 Dictyos

294 1261 405 1327 Graeci
436 1259 557 1324 latino
580 1258 758 1342 interprete
784 1258 955 1341 Septimio.
974 1258 1174 1323 Dissertatio
1198 1259 1376 1341 Perizonii,

293 1363 349 1427 cui
364 1362 409 1425 ob
428 1357 626 1441 singularem
641 1358 675 1421 in
689 1357 790 1422 literis
804 1358 967 1435 fervorem
990 1377 1032 1423 ac
1048 1358 1253 1441 diligentiam
1264 1363 1376 1427 nobis-

293 1481 381 1537 cum,
396 1457 531 1525 caudidi
545 1457 714 1536 Lectores,
729 1459 850 1523 merito
859 1458 971 1551 justus
985 1461 1084 1542 agitis
1096 1461 1232 1543 matins.

336 1561 446 1645 Atque
465 1560 538 1625 hoec
557 1567 728 1643 suntquis
749 1560 871 1625 advos
893 1560 1045 1640 modeste
1066 1562 1238 1644 praefanda
1263 1581 1376 1647 operes

291 1657 615 1745 pretinmduximns.
657 1658 735 1726 Vos
756 1661 887 1726 interim
911 1662 1024 1726 labore
1045 1668 1157 1726 nosne
1180 1661 1374 1747 (ludibrium

293 1762 339 1827 sit
360 1760 439 1825 licet
459 1758 613 1845 invidis)
634 1761 792 1842 fruimini,
820 1768 1025 1845 conatusque
1049 1781 1142 1827 meos
1160 1763 1195 1826 in
1225 1764 1375 1848 Scripto-

292 1860 382 1925 ribus
398 1859 525 1926 Latinis
542 1860 768 1928 illuminandis
781 1866 894 1928 vestro
911 1861 1028 1927 lavore
1049 1866 1083 1926 et
1106 1862 1274 1944 applausu
1296 1883 1375 1948 pro·

291 1966 433 2033 movete.
