<?xml version="1.0" encoding="UTF-8"?>
<!DOCTYPE html PUBLIC "-//W3C//DTD XHTML 1.0 Transitional//EN"
    "http://www.w3.org/TR/xhtml1/DTD/xhtml1-transitional.dtd">
<html xmlns="http://www.w3.org/1999/xhtml" xml:lang="en" lang="en">
 <head>
  <title>
</title>
<meta http-equiv="Content-Type" content="text/html;charset=utf-8" />
  <meta name='ocr-system' content='tesseract 3.04.00' />
  <meta name='ocr-capabilities' content='ocr_page ocr_carea ocr_par ocr_line ocrx_word'/>
</head>
<body>
  <div class='ocr_page' id='page_1' title='image "./debellotrojano00josegoog/debellotrojano00josegoog_0349.png"; bbox 0 0 3006 4906; ppageno 0'>
   <div class='ocr_carea' id='block_1_1' title="bbox 302 382 1025 448">
    <p class='ocr_par' dir='ltr' id='par_1_1' title="bbox 302 382 1025 448">
     <span class='ocr_line' id='line_1_1' title="bbox 302 382 1025 448; baseline -0.004 0"><span class='ocrx_word' id='word_1_1' title='bbox 302 382 367 448; x_wconf 79' lang='lat'><strong>314</strong></span> <span class='ocrx_word' id='word_1_2' title='bbox 678 396 841 445; x_wconf 76' lang='lat' dir='ltr'><strong>nsuurrs</strong></span> <span class='ocrx_word' id='word_1_3' title='bbox 865 398 1025 447; x_wconf 78' lang='lat' dir='ltr'><strong>rnnrsrr</strong></span> 
     </span>
    </p>
   </div>
   <div class='ocr_carea' id='block_1_2' title="bbox 290 537 1379 3059">
    <p class='ocr_par' dir='ltr' id='par_1_2' title="bbox 290 537 1379 3059">
     <span class='ocr_line' id='line_1_2' title="bbox 301 537 1376 632; baseline 0.004 -25"><span class='ocrx_word' id='word_1_4' title='bbox 301 561 343 607; x_wconf 89' lang='lat' dir='ltr'><strong>eo</strong></span> <span class='ocrx_word' id='word_1_5' title='bbox 352 548 501 623; x_wconf 87' lang='lat' dir='ltr'><strong>tempore</strong></span> <span class='ocrx_word' id='word_1_6' title='bbox 515 557 582 623; x_wconf 89' lang='lat' dir='ltr'><strong>qno</strong></span> <span class='ocrx_word' id='word_1_7' title='bbox 596 537 766 622; x_wconf 75' lang='lat' dir='ltr'>Telephus</span> <span class='ocrx_word' id='word_1_8' title='bbox 780 538 887 605; x_wconf 76' lang='lat' dir='ltr'><strong>sdhuc</strong></span> <span class='ocrx_word' id='word_1_9' title='bbox 901 559 1028 624; x_wconf 82' lang='lat' dir='ltr'><strong>pner,a</strong></span> <span class='ocrx_word' id='word_1_10' title='bbox 1041 549 1140 625; x_wconf 84' lang='lat' dir='ltr'><strong>patre</strong></span> <span class='ocrx_word' id='word_1_11' title='bbox 1155 542 1306 611; x_wconf 84' lang='lat' dir='ltr'><strong>Hercule</strong></span> <span class='ocrx_word' id='word_1_12' title='bbox 1318 567 1376 632; x_wconf 71' lang='lat' dir='ltr'><strong>gro</strong></span> 
     </span>
     <span class='ocr_line' id='line_1_3' title="bbox 301 638 1379 726; baseline 0.009 -22"><span class='ocrx_word' id='word_1_13' title='bbox 301 643 440 722; x_wconf 87' lang='lat' dir='ltr'><strong>genitus,</strong></span> <span class='ocrx_word' id='word_1_14' title='bbox 454 660 475 705; x_wconf 90' lang='lat' dir='ltr'><strong>a</strong></span> <span class='ocrx_word' id='word_1_15' title='bbox 487 638 692 704; x_wconf 87' lang='lat' dir='ltr'><strong>Teuthraute</strong></span> <span class='ocrx_word' id='word_1_16' title='bbox 714 658 789 721; x_wconf 84' lang='lat' dir='ltr'><strong>rege</strong></span> <span class='ocrx_word' id='word_1_17' title='bbox 809 639 956 724; x_wconf 83' lang='lat' dir='ltr'><strong>hospitio</strong></span> <span class='ocrx_word' id='word_1_18' title='bbox 978 650 1134 726; x_wconf 82' lang='lat' dir='ltr'><strong>receptus</strong></span> <span class='ocrx_word' id='word_1_19' title='bbox 1149 653 1214 710; x_wconf 81' lang='lat' dir='ltr'><strong>eet.</strong></span> <span class='ocrx_word' id='word_1_20' title='bbox 1256 646 1379 714; x_wconf 75' lang='lat' dir='ltr'><strong>Dione-</strong></span> 
     </span>
     <span class='ocr_line' id='line_1_4' title="bbox 300 739 1378 823; baseline 0.006 -17"><span class='ocrx_word' id='word_1_21' title='bbox 300 744 374 807; x_wconf 89' lang='lat' dir='ltr'><strong>dem</strong></span> <span class='ocrx_word' id='word_1_22' title='bbox 388 741 508 817; x_wconf 87' lang='lat' dir='ltr'><strong>ierunt,</strong></span> <span class='ocrx_word' id='word_1_23' title='bbox 528 760 606 805; x_wconf 89' lang='lat' dir='ltr'><strong>cum</strong></span> <span class='ocrx_word' id='word_1_24' title='bbox 628 739 724 823; x_wconf 88' lang='lat' dir='ltr'><strong>equis</strong></span> <span class='ocrx_word' id='word_1_25' title='bbox 747 741 942 823; x_wconf 88' lang='lat' dir='ltr'><strong>potentibus</strong></span> <span class='ocrx_word' id='word_1_26' title='bbox 962 749 1139 807; x_wconf 77' lang='lat' dir='ltr'><strong>venantem</strong></span> <span class='ocrx_word' id='word_1_27' title='bbox 1165 752 1201 809; x_wconf 90' lang='lat' dir='ltr'><strong>et</strong></span> <span class='ocrx_word' id='word_1_28' title='bbox 1223 745 1324 812; x_wconf 82' lang='lat' dir='ltr'><strong>ieris⁸</strong></span> <span class='ocrx_word' id='word_1_29' title='bbox 1341 750 1378 812; x_wconf 84' lang='lat' dir='ltr'><strong>ab</strong></span> 
     </span>
     <span class='ocr_line' id='line_1_5' title="bbox 303 841 1377 926; baseline 0.005 -18"><span class='ocrx_word' id='word_1_30' title='bbox 303 843 452 909; x_wconf 77' lang='lat' dir='ltr'>Hercule</span> <span class='ocrx_word' id='word_1_31' title='bbox 467 841 685 919; x_wconf 87' lang='lat' dir='ltr'><strong>interiectum,</strong></span> <span class='ocrx_word' id='word_1_32' title='bbox 700 843 899 923; x_wconf 80' lang='lat' dir='ltr'><strong>Teutlrrnnti</strong></span> <span class='ocrx_word' id='word_1_33' title='bbox 911 862 1048 926; x_wconf 85' lang='lat' dir='ltr'><strong>regnurn</strong></span> <span class='ocrx_word' id='word_1_34' title='bbox 1059 845 1247 912; x_wconf 71' lang='lat' dir='ltr'>reddidisse</span> <span class='ocrx_word' id='word_1_35' title='bbox 1263 855 1377 913; x_wconf 88' lang='lat' dir='ltr'><strong>totum:</strong></span> 
     </span>
     <span class='ocr_line' id='line_1_6' title="bbox 300 943 1375 1029; baseline 0.003 -17"><span class='ocrx_word' id='word_1_36' title='bbox 300 947 346 1012; x_wconf 84' lang='lat' dir='ltr'><strong>ob</strong></span> <span class='ocrx_word' id='word_1_37' title='bbox 361 945 427 1010; x_wconf 88' lang='lat' dir='ltr'><strong>hoe</strong></span> <span class='ocrx_word' id='word_1_38' title='bbox 442 945 515 1029; x_wconf 91' lang='lat' dir='ltr'><strong>ejus</strong></span> <span class='ocrx_word' id='word_1_39' title='bbox 528 944 635 1009; x_wconf 84' lang='lat' dir='ltr'><strong>filium</strong></span> <span class='ocrx_word' id='word_1_40' title='bbox 644 943 851 1028; x_wconf 71' lang='lat' dir='ltr'><strong>Telephumh</strong></span> <span class='ocrx_word' id='word_1_41' title='bbox 865 946 897 1010; x_wconf 92' lang='lat' dir='ltr'><strong>ei</strong></span> <span class='ocrx_word' id='word_1_42' title='bbox 912 946 1092 1029; x_wconf 75' lang='lat' dir='ltr'><strong>suppetias</strong></span> <span class='ocrx_word' id='word_1_43' title='bbox 1103 950 1247 1013; x_wconf 84' lang='lat' dir='ltr'><strong>venisse.</strong></span> <span class='ocrx_word' id='word_1_44' title='bbox 1280 949 1375 1028; x_wconf 81' lang='lat' dir='ltr'><strong>Quod</strong></span> 
     </span>
     <span class='ocr_line' id='line_1_7' title="bbox 299 1044 1374 1128; baseline 0.002 -15"><span class='ocrx_word' id='word_1_45' title='bbox 299 1067 378 1113; x_wconf 87' lang='lat' dir='ltr'><strong>eum</strong></span> <span class='ocrx_word' id='word_1_46' title='bbox 389 1045 554 1110; x_wconf 89' lang='lat' dir='ltr'><strong>Teuthras</strong></span> <span class='ocrx_word' id='word_1_47' title='bbox 568 1044 778 1128; x_wconf 73' lang='lat' dir='ltr'><strong>intelligeret,</strong></span> <span class='ocrx_word' id='word_1_48' title='bbox 792 1064 831 1110; x_wconf 87' lang='lat' dir='ltr'><strong>se</strong></span> <span class='ocrx_word' id='word_1_49' title='bbox 854 1045 970 1110; x_wconf 87' lang='lat' dir='ltr'><strong>eodem</strong></span> <span class='ocrx_word' id='word_1_50' title='bbox 992 1046 1128 1111; x_wconf 81' lang='lat' dir='ltr'><strong>vulnere</strong></span> <span class='ocrx_word' id='word_1_51' title='bbox 1147 1056 1280 1113; x_wconf 88' lang='lat' dir='ltr'><strong>mortem</strong></span> <span class='ocrx_word' id='word_1_52' title='bbox 1295 1050 1374 1115; x_wconf 69' lang='lat' dir='ltr'><strong>een·</strong></span> 
     </span>
     <span class='ocr_line' id='line_1_8' title="bbox 298 1147 1371 1244; baseline 0.001 -31"><span class='ocrx_word' id='word_1_53' title='bbox 298 1168 374 1244; x_wconf 80' lang='lat' dir='ltr'><strong>gere</strong></span> <span class='ocrx_word' id='word_1_54' title='bbox 396 1167 465 1212; x_wconf 90' lang='lat' dir='ltr'><strong>uon</strong></span> <span class='ocrx_word' id='word_1_55' title='bbox 488 1166 599 1230; x_wconf 82' lang='lat' dir='ltr'><strong>posse,</strong></span> <span class='ocrx_word' id='word_1_56' title='bbox 623 1166 754 1230; x_wconf 79' lang='lat' dir='ltr'><strong>regnum</strong></span> <span class='ocrx_word' id='word_1_57' title='bbox 781 1166 879 1212; x_wconf 89' lang='lat' dir='ltr'><strong>suurn</strong></span> <span class='ocrx_word' id='word_1_58' title='bbox 903 1148 1002 1213; x_wconf 83' lang='lat' dir='ltr'><strong>rivus</strong></span> <span class='ocrx_word' id='word_1_59' title='bbox 1025 1147 1174 1230; x_wconf 82' lang='lat' dir='ltr'><strong>Telepho</strong></span> <span class='ocrx_word' id='word_1_60' title='bbox 1186 1148 1323 1226; x_wconf 79' lang='lat' dir='ltr'><strong>tradidit,</strong></span> <span class='ocrx_word' id='word_1_61' title='bbox 1336 1160 1371 1214; x_wconf 86' lang='lat' dir='ltr'><strong>et</strong></span> 
     </span>
     <span class='ocr_line' id='line_1_9' title="bbox 299 1248 1368 1332; baseline -0.003 -16"><span class='ocrx_word' id='word_1_62' title='bbox 299 1270 375 1316; x_wconf 87' lang='lat' dir='ltr'><strong>euru</strong></span> <span class='ocrx_word' id='word_1_63' title='bbox 395 1269 507 1331; x_wconf 86' lang='lat' dir='ltr'><strong>regern</strong></span> <span class='ocrx_word' id='word_1_64' title='bbox 528 1248 702 1315; x_wconf 86' lang='lat' dir='ltr'><strong>ordinavit</strong></span> <span class='ocrx_word' id='word_1_65' title='bbox 744 1248 831 1313; x_wconf 92' lang='lat' dir='ltr'><strong>Tum</strong></span> <span class='ocrx_word' id='word_1_66' title='bbox 845 1267 955 1332; x_wconf 88' lang='lat' dir='ltr'><strong>regem</strong></span> <span class='ocrx_word' id='word_1_67' title='bbox 969 1249 1200 1315; x_wconf 78' lang='lat' dir='ltr'><strong>Teuthrantem</strong></span> <span class='ocrx_word' id='word_1_68' title='bbox 1209 1248 1368 1332; x_wconf 79' lang='lat' dir='ltr'><strong>Telephus</strong></span> 
     </span>
     <span class='ocr_line' id='line_1_10' title="bbox 299 1350 1372 1435; baseline -0.004 -18"><span class='ocrx_word' id='word_1_69' title='bbox 299 1351 474 1435; x_wconf 86' lang='lat' dir='ltr'><strong>magnifice</strong></span> <span class='ocrx_word' id='word_1_70' title='bbox 487 1350 652 1433; x_wconf 75' lang='lat' dir='ltr'><strong>sepelivit</strong></span> <span class='ocrx_word' id='word_1_71' title='bbox 672 1412 676 1423; x_wconf 75' lang='grc'>,</span> <span class='ocrx_word' id='word_1_72' title='bbox 695 1351 825 1416; x_wconf 78' lang='lat' dir='ltr'><strong>Suadet</strong></span> <span class='ocrx_word' id='word_1_73' title='bbox 845 1353 876 1416; x_wconf 92' lang='lat' dir='ltr'><strong>ei</strong></span> <span class='ocrx_word' id='word_1_74' title='bbox 896 1350 1046 1416; x_wconf 86' lang='lat' dir='ltr'><strong>Achilles</strong></span> <span class='ocrx_word' id='word_1_75' title='bbox 1067 1358 1104 1417; x_wconf 89' lang='lat' dir='ltr'><strong>nt</strong></span> <span class='ocrx_word' id='word_1_76' title='bbox 1117 1370 1236 1416; x_wconf 80' lang='lat' dir='ltr'><strong>novum</strong></span> <span class='ocrx_word' id='word_1_77' title='bbox 1247 1369 1372 1433; x_wconf 82' lang='lat' dir='ltr'><strong>regnum</strong></span> 
     </span>
     <span class='ocr_line' id='line_1_11' title="bbox 298 1451 1370 1537; baseline -0.001 -20"><span class='ocrx_word' id='word_1_78' title='bbox 298 1458 480 1527; x_wconf 82' lang='lat' dir='ltr'><strong>conservet,</strong></span> <span class='ocrx_word' id='word_1_79' title='bbox 495 1451 595 1534; x_wconf 81' lang='lat' dir='ltr'><strong>plus⁷</strong></span> <span class='ocrx_word' id='word_1_80' title='bbox 610 1452 715 1516; x_wconf 85' lang='lat' dir='ltr'><strong>multo</strong></span> <span class='ocrx_word' id='word_1_81' title='bbox 734 1452 917 1517; x_wconf 80' lang='lat' dir='ltr'><strong>exercitum</strong></span> <span class='ocrx_word' id='word_1_82' title='bbox 938 1452 1138 1537; x_wconf 84' lang='lat' dir='ltr'><strong>adjuturum,</strong></span> <span class='ocrx_word' id='word_1_83' title='bbox 1153 1454 1184 1517; x_wconf 86' lang='lat' dir='ltr'><strong>ai</strong></span> <span class='ocrx_word' id='word_1_84' title='bbox 1197 1458 1370 1517; x_wconf 84' lang='lat' dir='ltr'><strong>commeatu</strong></span> 
     </span>
     <span class='ocr_line' id='line_1_12' title="bbox 298 1552 1367 1639; baseline -0.001 -23"><span class='ocrx_word' id='word_1_85' title='bbox 298 1559 351 1617; x_wconf 87' lang='lat' dir='ltr'><strong>tot</strong></span> <span class='ocrx_word' id='word_1_86' title='bbox 364 1552 461 1616; x_wconf 85' lang='lat' dir='ltr'><strong>annis</strong></span> <span class='ocrx_word' id='word_1_87' title='bbox 474 1552 596 1634; x_wconf 83' lang='lat' dir='ltr'><strong>quibus</strong></span> <span class='ocrx_word' id='word_1_88' title='bbox 619 1552 739 1639; x_wconf 80' lang='lat' dir='ltr'><strong>moreti</strong></span> <span class='ocrx_word' id='word_1_89' title='bbox 760 1553 879 1618; x_wconf 84' lang='lat' dir='ltr'><strong>inerint</strong></span> <span class='ocrx_word' id='word_1_90' title='bbox 899 1553 943 1618; x_wconf 92' lang='lat' dir='ltr'><strong>de</strong></span> <span class='ocrx_word' id='word_1_91' title='bbox 964 1554 1081 1619; x_wconf 91' lang='lat' dir='ltr'><strong>eodem</strong></span> <span class='ocrx_word' id='word_1_92' title='bbox 1103 1573 1201 1637; x_wconf 85' lang='lat' dir='ltr'><strong>regno</strong></span> <span class='ocrx_word' id='word_1_93' title='bbox 1213 1572 1266 1616; x_wconf 87' lang='lat' dir='ltr'><strong>eos</strong></span> <span class='ocrx_word' id='word_1_94' title='bbox 1279 1552 1367 1635; x_wconf 84' lang='lat' dir='ltr'><strong>adju·</strong></span> 
     </span>
     <span class='ocr_line' id='line_1_13' title="bbox 296 1652 1366 1740; baseline -0.002 -22"><span class='ocrx_word' id='word_1_95' title='bbox 296 1660 364 1730; x_wconf 80' lang='lat' dir='ltr'><strong>ret,</strong></span> <span class='ocrx_word' id='word_1_96' title='bbox 385 1673 485 1736; x_wconf 89' lang='lat' dir='ltr'><strong>quam</strong></span> <span class='ocrx_word' id='word_1_97' title='bbox 508 1653 539 1717; x_wconf 90' lang='lat' dir='ltr'><strong>si</strong></span> <span class='ocrx_word' id='word_1_98' title='bbox 562 1652 606 1718; x_wconf 87' lang='lat' dir='ltr'><strong>nd</strong></span> <span class='ocrx_word' id='word_1_99' title='bbox 628 1652 765 1738; x_wconf 87' lang='lat' dir='ltr'><strong>Trojam</strong></span> <span class='ocrx_word' id='word_1_100' title='bbox 786 1660 851 1718; x_wconf 86' lang='lat' dir='ltr'><strong>eat</strong></span> <span class='ocrx_word' id='word_1_101' title='bbox 894 1654 1015 1738; x_wconf 86' lang='lat' dir='ltr'><strong>Itaque</strong></span> <span class='ocrx_word' id='word_1_102' title='bbox 1033 1655 1200 1740; x_wconf 83' lang='lat' dir='ltr'><strong>Telephus</strong></span> <span class='ocrx_word' id='word_1_103' title='bbox 1221 1657 1366 1723; x_wconf 76' lang='lat' dir='ltr'><strong>remanet.</strong></span> 
     </span>
     <span class='ocr_line' id='line_1_14' title="bbox 296 1754 1364 1839; baseline -0.005 -18"><span class='ocrx_word' id='word_1_104' title='bbox 296 1755 448 1821; x_wconf 83' lang='lat' dir='ltr'><strong>Achilles</strong></span> <span class='ocrx_word' id='word_1_105' title='bbox 463 1762 538 1821; x_wconf 77' lang='lat' dir='ltr'><strong>tum</strong></span> <span class='ocrx_word' id='word_1_106' title='bbox 553 1774 675 1839; x_wconf 85' lang='lat' dir='ltr'><strong>magna</strong></span> <span class='ocrx_word' id='word_1_107' title='bbox 689 1757 807 1839; x_wconf 71' lang='lat' dir='ltr'><strong>praeda</strong></span> <span class='ocrx_word' id='word_1_108' title='bbox 822 1757 866 1821; x_wconf 84' lang='lat' dir='ltr'><strong>ed</strong></span> <span class='ocrx_word' id='word_1_109' title='bbox 880 1758 1067 1822; x_wconf 85' lang='lat' dir='ltr'><strong>exercitum</strong></span> <span class='ocrx_word' id='word_1_110' title='bbox 1076 1756 1234 1822; x_wconf 81' lang='lat' dir='ltr'><strong>Tenedon</strong></span> <span class='ocrx_word' id='word_1_111' title='bbox 1243 1754 1364 1819; x_wconf 79' lang='lat' dir='ltr'><strong>reverti·</strong></span> 
     </span>
     <span class='ocr_line' id='line_1_15' title="bbox 296 1854 1364 1942; baseline -0.002 -21"><span class='ocrx_word' id='word_1_112' title='bbox 296 1864 359 1922; x_wconf 88' lang='lat' dir='ltr'><strong>tur.</strong></span> <span class='ocrx_word' id='word_1_113' title='bbox 393 1854 637 1938; x_wconf 76' lang='lat' dir='ltr'><strong>Agamemnoni</strong></span> <span class='ocrx_word' id='word_1_114' title='bbox 651 1876 720 1921; x_wconf 91' lang='lat' dir='ltr'><strong>rem</strong></span> <span class='ocrx_word' id='word_1_115' title='bbox 734 1863 864 1941; x_wconf 87' lang='lat' dir='ltr'><strong>gestam</strong></span> <span class='ocrx_word' id='word_1_116' title='bbox 877 1865 1004 1925; x_wconf 85' lang='lat' dir='ltr'><strong>narrat:</strong></span> <span class='ocrx_word' id='word_1_117' title='bbox 1019 1857 1247 1942; x_wconf 74' lang='lat' dir='ltr'><strong>Agamemnon</strong></span> <span class='ocrx_word' id='word_1_118' title='bbox 1258 1873 1364 1940; x_wconf 78' lang='lat' dir='ltr'><strong>appro-</strong></span> 
     </span>
     <span class='ocr_line' id='line_1_16' title="bbox 296 1956 1369 2042; baseline -0.006 -17"><span class='ocrx_word' id='word_1_119' title='bbox 296 1960 356 2025; x_wconf 83' lang='lat' dir='ltr'><strong>bat</strong></span> <span class='ocrx_word' id='word_1_120' title='bbox 384 1959 576 2042; x_wconf 86' lang='lat' dir='ltr'><strong>laudatque.</strong></span> <span class='ocrx_word' id='word_1_121' title='bbox 620 1956 704 2042; x_wconf 71' lang='lat' dir='ltr'><strong>[tu]</strong></span> <span class='ocrx_word' id='word_1_122' title='bbox 725 1957 857 2023; x_wconf 87' lang='lat' dir='ltr'><strong>Interea</strong></span> <span class='ocrx_word' id='word_1_123' title='bbox 884 1959 989 2041; x_wconf 82' lang='lat' dir='ltr'><strong>legati</strong></span> <span class='ocrx_word' id='word_1_124' title='bbox 1015 1960 1111 2024; x_wconf 88' lang='lat' dir='ltr'><strong>missi</strong></span> <span class='ocrx_word' id='word_1_125' title='bbox 1136 1958 1180 2023; x_wconf 84' lang='lat' dir='ltr'><strong>ad</strong></span> <span class='ocrx_word' id='word_1_126' title='bbox 1210 1957 1369 2022; x_wconf 85' lang='lat' dir='ltr'><strong>Priamum</strong></span> 
     </span>
     <span class='ocr_line' id='line_1_17' title="bbox 296 2056 1370 2145; baseline -0.004 -20"><span class='ocrx_word' id='word_1_127' title='bbox 296 2061 452 2125; x_wconf 81' lang='lat' dir='ltr'><strong>veniunt:</strong></span> <span class='ocrx_word' id='word_1_128' title='bbox 475 2059 617 2145; x_wconf 81' lang='lat' dir='ltr'><strong>Ulysses</strong></span> <span class='ocrx_word' id='word_1_129' title='bbox 633 2056 896 2142; x_wconf 68' lang='lat' dir='ltr'><strong>Agamemnonis</strong></span> <span class='ocrx_word' id='word_1_130' title='bbox 920 2061 1020 2125; x_wconf 83' lang='lat' dir='ltr'><strong>verba</strong></span> <span class='ocrx_word' id='word_1_131' title='bbox 1043 2061 1151 2138; x_wconf 79' lang='lat' dir='ltr'><strong>refert,</strong></span> <span class='ocrx_word' id='word_1_132' title='bbox 1173 2059 1321 2145; x_wconf 78' lang='lat' dir='ltr'><strong>postulet</strong></span> <span class='ocrx_word' id='word_1_133' title='bbox 1338 2065 1370 2119; x_wconf 88' lang='lat' dir='ltr'><strong>ut</strong></span> 
     </span>
     <span class='ocr_line' id='line_1_18' title="bbox 295 2158 1368 2247; baseline -0.004 -21"><span class='ocrx_word' id='word_1_134' title='bbox 295 2162 429 2227; x_wconf 84' lang='lat' dir='ltr'><strong>Helena</strong></span> <span class='ocrx_word' id='word_1_135' title='bbox 450 2170 484 2228; x_wconf 86' lang='lat' dir='ltr'><strong>et</strong></span> <span class='ocrx_word' id='word_1_136' title='bbox 505 2162 621 2247; x_wconf 74' lang='lat' dir='ltr'><strong>praeda</strong></span> <span class='ocrx_word' id='word_1_137' title='bbox 642 2163 804 2242; x_wconf 82' lang='lat' dir='ltr'><strong>reddetur,</strong></span> <span class='ocrx_word' id='word_1_138' title='bbox 827 2164 977 2246; x_wconf 87' lang='lat' dir='ltr'><strong>satisque</strong></span> <span class='ocrx_word' id='word_1_139' title='bbox 998 2162 1059 2227; x_wconf 84' lang='lat' dir='ltr'><strong>fiat</strong></span> <span class='ocrx_word' id='word_1_140' title='bbox 1079 2163 1161 2246; x_wconf 87' lang='lat' dir='ltr'><strong>regi,</strong></span> <span class='ocrx_word' id='word_1_141' title='bbox 1181 2170 1221 2226; x_wconf 90' lang='lat' dir='ltr'><strong>nt</strong></span> <span class='ocrx_word' id='word_1_142' title='bbox 1239 2158 1368 2244; x_wconf 81' lang='lat' dir='ltr'><strong>pacifice</strong></span> 
     </span>
     <span class='ocr_line' id='line_1_19' title="bbox 294 2263 1370 2349; baseline -0.007 -20"><span class='ocrx_word' id='word_1_143' title='bbox 294 2263 477 2329; x_wconf 86' lang='lat' dir='ltr'><strong>discedent</strong></span> <span class='ocrx_word' id='word_1_144' title='bbox 521 2264 674 2329; x_wconf 84' lang='lat' dir='ltr'><strong>Priamus</strong></span> <span class='ocrx_word' id='word_1_145' title='bbox 696 2265 833 2349; x_wconf 83' lang='lat' dir='ltr'><strong>injurius</strong></span> <span class='ocrx_word' id='word_1_146' title='bbox 852 2264 1120 2347; x_wconf 86' lang='lat' dir='ltr'><strong>Argonautarum</strong></span> <span class='ocrx_word' id='word_1_147' title='bbox 1139 2267 1370 2337; x_wconf 81' lang='lat' dir='ltr'><strong>commemorat,</strong></span> 
     </span>
     <span class='ocr_line' id='line_1_20' title="bbox 294 2358 1369 2451; baseline -0.005 -21"><span class='ocrx_word' id='word_1_148' title='bbox 294 2367 400 2447; x_wconf 85' lang='lat' dir='ltr'><strong>patris</strong></span> <span class='ocrx_word' id='word_1_149' title='bbox 413 2367 588 2444; x_wconf 87' lang='lat' dir='ltr'><strong>interitum,</strong></span> <span class='ocrx_word' id='word_1_150' title='bbox 602 2366 718 2451; x_wconf 77' lang='lat' dir='ltr'><strong>TroJm</strong></span> <span class='ocrx_word' id='word_1_151' title='bbox 732 2366 1020 2449; x_wconf 85' lang='lat' dir='ltr'><strong>expugnationem,</strong></span> <span class='ocrx_word' id='word_1_152' title='bbox 1030 2373 1067 2430; x_wconf 91' lang='lat' dir='ltr'><strong>et</strong></span> <span class='ocrx_word' id='word_1_153' title='bbox 1079 2365 1245 2430; x_wconf 72' lang='lat' dir='ltr'><strong>Hesionae</strong></span> <span class='ocrx_word' id='word_1_154' title='bbox 1260 2358 1369 2426; x_wconf 85' lang='lat' dir='ltr'><strong>sororis</strong></span> 
     </span>
     <span class='ocr_line' id='line_1_21' title="bbox 294 2460 1369 2550; baseline 0.005 -20"><span class='ocrx_word' id='word_1_155' title='bbox 294 2467 501 2532; x_wconf 82' lang='lat' dir='ltr'><strong>servitutem.</strong></span> <span class='ocrx_word' id='word_1_156' title='bbox 557 2468 711 2550; x_wconf 89' lang='lat' dir='ltr'><strong>Denique</strong></span> <span class='ocrx_word' id='word_1_157' title='bbox 739 2466 938 2533; x_wconf 89' lang='lat' dir='ltr'><strong>Antenorem</strong></span> <span class='ocrx_word' id='word_1_158' title='bbox 968 2467 1116 2549; x_wconf 88' lang='lat' dir='ltr'><strong>legatum</strong></span> <span class='ocrx_word' id='word_1_159' title='bbox 1142 2485 1222 2531; x_wconf 90' lang='lat' dir='ltr'><strong>cum</strong></span> <span class='ocrx_word' id='word_1_160' title='bbox 1244 2460 1369 2535; x_wconf 62' lang='lat' dir='ltr'><strong>miserit»</strong></span> 
     </span>
     <span class='ocr_line' id='line_1_22' title="bbox 295 2563 1367 2648; baseline -0.003 -18"><span class='ocrx_word' id='word_1_161' title='bbox 295 2585 396 2648; x_wconf 87' lang='lat' dir='ltr'><strong>quum</strong></span> <span class='ocrx_word' id='word_1_162' title='bbox 411 2567 650 2633; x_wconf 88' lang='lat' dir='ltr'><strong>contumeliose</strong></span> <span class='ocrx_word' id='word_1_163' title='bbox 665 2569 775 2633; x_wconf 87' lang='lat' dir='ltr'><strong>abeis</strong></span> <span class='ocrx_word' id='word_1_164' title='bbox 793 2574 953 2635; x_wconf 86' lang='lat' dir='ltr'><strong>tractatus</strong></span> <span class='ocrx_word' id='word_1_165' title='bbox 971 2569 1024 2632; x_wconf 83' lang='lat' dir='ltr'><strong>sit</strong></span> <span class='ocrx_word' id='word_1_166' title='bbox 1068 2566 1193 2632; x_wconf 90' lang='lat' dir='ltr'><strong>Pacem</strong></span> <span class='ocrx_word' id='word_1_167' title='bbox 1217 2563 1367 2648; x_wconf 80' lang='lat' dir='ltr'><strong>repudiat,</strong></span> 
     </span>
     <span class='ocr_line' id='line_1_23' title="bbox 292 2665 1366 2753; baseline 0.001 -25"><span class='ocrx_word' id='word_1_168' title='bbox 292 2665 417 2729; x_wconf 88' lang='lat' dir='ltr'><strong>bellum</strong></span> <span class='ocrx_word' id='word_1_169' title='bbox 433 2667 560 2746; x_wconf 86' lang='lat' dir='ltr'><strong>indicit,</strong></span> <span class='ocrx_word' id='word_1_170' title='bbox 575 2668 769 2734; x_wconf 81' lang='lat' dir='ltr'><strong>Graecorum</strong></span> <span class='ocrx_word' id='word_1_171' title='bbox 784 2670 914 2753; x_wconf 88' lang='lat' dir='ltr'><strong>legatos</strong></span> <span class='ocrx_word' id='word_1_172' title='bbox 934 2669 976 2734; x_wconf 92' lang='lat' dir='ltr'><strong>de</strong></span> <span class='ocrx_word' id='word_1_173' title='bbox 996 2669 1120 2733; x_wconf 85' lang='lat' dir='ltr'><strong>finibus</strong></span> <span class='ocrx_word' id='word_1_174' title='bbox 1140 2667 1260 2752; x_wconf 81' lang='lat' dir='ltr'><strong>repelli</strong></span> <span class='ocrx_word' id='word_1_175' title='bbox 1275 2666 1366 2748; x_wconf 79' lang='lat' dir='ltr'><strong>jubet</strong></span> 
     </span>
     <span class='ocr_line' id='line_1_24' title="bbox 292 2766 1368 2849; baseline 0.005 -20"><span class='ocrx_word' id='word_1_176' title='bbox 292 2766 410 2847; x_wconf 81' lang='lat' dir='ltr'><strong>Legati</strong></span> <span class='ocrx_word' id='word_1_177' title='bbox 424 2767 460 2831; x_wconf 92' lang='lat' dir='ltr'><strong>in</strong></span> <span class='ocrx_word' id='word_1_178' title='bbox 474 2776 585 2834; x_wconf 86' lang='lat' dir='ltr'><strong>castra</strong></span> <span class='ocrx_word' id='word_1_179' title='bbox 596 2769 754 2834; x_wconf 87' lang='lat' dir='ltr'><strong>Tenedon</strong></span> <span class='ocrx_word' id='word_1_180' title='bbox 770 2778 986 2848; x_wconf 87' lang='lat' dir='ltr'><strong>revertuntur,</strong></span> <span class='ocrx_word' id='word_1_181' title='bbox 1007 2771 1235 2836; x_wconf 86' lang='lat' dir='ltr'><strong>renuntiantes</strong></span> <span class='ocrx_word' id='word_1_182' title='bbox 1248 2783 1368 2849; x_wconf 73' lang='lat' dir='ltr'><strong>respon·</strong></span> 
     </span>
     <span class='ocr_line' id='line_1_25' title="bbox 291 2866 1367 2959; baseline 0.004 -29"><span class='ocrx_word' id='word_1_183' title='bbox 291 2884 378 2932; x_wconf 87' lang='lat' dir='ltr'><strong>sum.</strong></span> <span class='ocrx_word' id='word_1_184' title='bbox 422 2867 492 2933; x_wconf 86' lang='lat' dir='ltr'><strong>Res</strong></span> <span class='ocrx_word' id='word_1_185' title='bbox 511 2872 663 2936; x_wconf 89' lang='lat' dir='ltr'><strong>consultu</strong></span> <span class='ocrx_word' id='word_1_186' title='bbox 681 2872 815 2955; x_wconf 82' lang='lat' dir='ltr'><strong>geritur.</strong></span> <span class='ocrx_word' id='word_1_187' title='bbox 857 2873 939 2959; x_wconf 67' lang='grc'><strong>[18]</strong></span> <span class='ocrx_word' id='word_1_188' title='bbox 962 2873 1114 2938; x_wconf 87' lang='lat' dir='ltr'><strong>Aderunt</strong></span> <span class='ocrx_word' id='word_1_189' title='bbox 1127 2890 1212 2937; x_wconf 84' lang='lat' dir='ltr'><strong>vero</strong></span> <span class='ocrx_word' id='word_1_190' title='bbox 1227 2871 1270 2935; x_wconf 91' lang='lat' dir='ltr'><strong>ad</strong></span> <span class='ocrx_word' id='word_1_191' title='bbox 1283 2866 1367 2934; x_wconf 68' lang='lat' dir='ltr'><strong>unxi</strong></span> 
     </span>
     <span class='ocr_line' id='line_1_26' title="bbox 290 2968 1369 3059; baseline 0.001 -26"><span class='ocrx_word' id='word_1_192' title='bbox 290 2968 371 3034; x_wconf 89' lang='lat' dir='ltr'><strong>lium</strong></span> <span class='ocrx_word' id='word_1_193' title='bbox 400 2969 535 3035; x_wconf 83' lang='lat' dir='ltr'><strong>Priamo</strong></span> <span class='ocrx_word' id='word_1_194' title='bbox 565 2973 719 3040; x_wconf 89' lang='lat' dir='ltr'><strong>ductores</strong></span> <span class='ocrx_word' id='word_1_195' title='bbox 739 2975 774 3038; x_wconf 87' lang='lat' dir='ltr'><strong>hi</strong></span> <span class='ocrx_word' id='word_1_196' title='bbox 803 2995 876 3040; x_wconf 89' lang='lat' dir='ltr'><strong>cum</strong></span> <span class='ocrx_word' id='word_1_197' title='bbox 903 2974 1110 3041; x_wconf 82' lang='lat' dir='ltr'><strong>exercitibus</strong></span> <span class='ocrx_word' id='word_1_198' title='bbox 1135 2974 1221 3055; x_wconf 87' lang='lat' dir='ltr'><strong>suis,</strong></span> <span class='ocrx_word' id='word_1_199' title='bbox 1246 2984 1369 3059; x_wconf 83' lang='lat' dir='ltr'><strong>quemn</strong></span> 
     </span>
    </p>
   </div>
   <div class='ocr_carea' id='block_1_3' title="bbox 321 3269 807 3335">
    <p class='ocr_par' dir='ltr' id='par_1_3' title="bbox 321 3269 807 3335">
     <span class='ocr_line' id='line_1_27' title="bbox 321 3269 807 3335; baseline 0.004 -17"><span class='ocrx_word' id='word_1_200' title='bbox 321 3273 337 3318; x_wconf 78' lang='lat' dir='ltr'><strong>t</strong></span> <span class='ocrx_word' id='word_1_201' title='bbox 356 3269 388 3320; x_wconf 89' lang='lat' dir='ltr'><strong>lu</strong></span> <span class='ocrx_word' id='word_1_202' title='bbox 399 3270 496 3335; x_wconf 81' lang='lat' dir='ltr'><strong>Delph.</strong></span> <span class='ocrx_word' id='word_1_203' title='bbox 506 3274 530 3320; x_wconf 81' lang='lat' dir='ltr'><strong>et</strong></span> <span class='ocrx_word' id='word_1_204' title='bbox 541 3270 663 3320; x_wconf 80' lang='lat' dir='ltr'><strong>inseritur</strong></span> <span class='ocrx_word' id='word_1_205' title='bbox 675 3276 737 3322; x_wconf 83' lang='lat' dir='ltr'><strong>aute</strong></span> <span class='ocrx_word' id='word_1_206' title='bbox 746 3272 807 3335; x_wconf 72' lang='lat' dir='ltr'><strong>plue.</strong></span> 
     </span>
    </p>
   </div>
   <div class='ocr_carea' id='block_1_4' title="bbox 783 3446 889 3498">
    <p class='ocr_par' dir='ltr' id='par_1_4' title="bbox 783 3446 889 3498">
     <span class='ocr_line' id='line_1_28' title="bbox 783 3446 889 3498; baseline -0.009 0"><span class='ocrx_word' id='word_1_207' title='bbox 783 3446 889 3498; x_wconf 70' lang='lat' dir='ltr'><strong>Nom</strong></span> 
     </span>
    </p>
   </div>
   <div class='ocr_carea' id='block_1_5' title="bbox 285 3553 1373 4309">
    <p class='ocr_par' dir='ltr' id='par_1_5' title="bbox 285 3553 1373 4309">
     <span class='ocr_line' id='line_1_29' title="bbox 318 3553 1369 3628; baseline -0.006 -20"><span class='ocrx_word' id='word_1_208' title='bbox 318 3558 814 3628; x_wconf 65' lang='lat' dir='ltr'><strong>‘Diendmsmtmegairpetnti-</strong></span> <span class='ocrx_word' id='word_1_209' title='bbox 852 3568 904 3623; x_wconf 82' lang='lat' dir='ltr'><strong>tus,</strong></span> <span class='ocrx_word' id='word_1_210' title='bbox 914 3560 957 3625; x_wconf 85' lang='lat' dir='ltr'><strong>qul</strong></span> <span class='ocrx_word' id='word_1_211' title='bbox 973 3559 1065 3609; x_wconf 84' lang='lat' dir='ltr'><strong>scribit</strong></span> <span class='ocrx_word' id='word_1_212' title='bbox 1081 3556 1226 3609; x_wconf 71' lang='lat' dir='ltr'><strong>nior-coes</strong></span> <span class='ocrx_word' id='word_1_213' title='bbox 1242 3553 1278 3602; x_wconf 79' lang='lat' dir='ltr'><strong>us</strong></span> <span class='ocrx_word' id='word_1_214' title='bbox 1290 3564 1369 3614; x_wconf 74' lang='lat' dir='ltr'><strong>eque·</strong></span> 
     </span>
     <span class='ocr_line' id='line_1_30' title="bbox 288 3627 1370 3700; baseline -0.007 -18"><span class='ocrx_word' id='word_1_215' title='bbox 288 3634 330 3682; x_wconf 80' lang='lat' dir='ltr'><strong>dur</strong></span> <span class='ocrx_word' id='word_1_216' title='bbox 340 3637 463 3681; x_wconf 72' lang='lat' dir='ltr'><strong>emm</strong></span> <span class='ocrx_word' id='word_1_217' title='bbox 471 3639 495 3682; x_wconf 83' lang='lat' dir='ltr'><strong>et</strong></span> <span class='ocrx_word' id='word_1_218' title='bbox 504 3634 580 3700; x_wconf 72' lang='lat' dir='ltr'><strong>seis]</strong></span> <span class='ocrx_word' id='word_1_219' title='bbox 607 3637 660 3688; x_wconf 78' lang='lat' dir='ltr'><strong>llic</strong></span> <span class='ocrx_word' id='word_1_220' title='bbox 676 3638 813 3688; x_wconf 82' lang='lat' dir='ltr'><strong>Diomedes</strong></span> <span class='ocrx_word' id='word_1_221' title='bbox 852 3636 1130 3698; x_wconf 57' lang='lat' dir='ltr'><strong>adrumentorum</strong></span> <span class='ocrx_word' id='word_1_222' title='bbox 1141 3648 1182 3684; x_wconf 80' lang='lat' dir='ltr'><strong>sus</strong></span> <span class='ocrx_word' id='word_1_223' title='bbox 1192 3632 1215 3679; x_wconf 82' lang='lat' dir='ltr'><strong>iu</strong></span> <span class='ocrx_word' id='word_1_224' title='bbox 1225 3642 1311 3677; x_wconf 78' lang='lat' dir='ltr'><strong>eoru·</strong></span> <span class='ocrx_word' id='word_1_225' title='bbox 1322 3627 1370 3675; x_wconf 80' lang='lat' dir='ltr'><strong>ali·</strong></span> 
     </span>
     <span class='ocr_line' id='line_1_31' title="bbox 288 3707 1372 3774; baseline 0.001 -18"><span class='ocrx_word' id='word_1_226' title='bbox 288 3707 380 3756; x_wconf 80' lang='lat' dir='ltr'><strong>Martis</strong></span> <span class='ocrx_word' id='word_1_227' title='bbox 391 3713 418 3754; x_wconf 88' lang='lat' dir='ltr'><strong>et</strong></span> <span class='ocrx_word' id='word_1_228' title='bbox 429 3707 541 3770; x_wconf 74' lang='lat' dir='ltr'><strong>Cyrene</strong></span> <span class='ocrx_word' id='word_1_229' title='bbox 552 3709 617 3760; x_wconf 81' lang='lat' dir='ltr'><strong>iilius</strong></span> <span class='ocrx_word' id='word_1_230' title='bbox 627 3709 688 3774; x_wconf 75' lang='lat' dir='ltr'><strong>fuit,</strong></span> <span class='ocrx_word' id='word_1_231' title='bbox 696 3714 812 3763; x_wconf 74' lang='lat' dir='ltr'><strong>Tlrraeiu</strong></span> <span class='ocrx_word' id='word_1_232' title='bbox 852 3722 965 3764; x_wconf 81' lang='lat' dir='ltr'><strong>ruentum</strong></span> <span class='ocrx_word' id='word_1_233' title='bbox 977 3711 1154 3762; x_wconf 80' lang='lat' dir='ltr'><strong>consumserit</strong></span> <span class='ocrx_word' id='word_1_234' title='bbox 1183 3707 1266 3758; x_wconf 71' lang='lat' dir='ltr'><strong>(lure</strong></span> <span class='ocrx_word' id='word_1_235' title='bbox 1278 3709 1372 3766; x_wconf 62' lang='lat' dir='ltr'><strong>{Mitt</strong></span> 
     </span>
     <span class='ocr_line' id='line_1_32' title="bbox 287 3780 1373 3855; baseline -0.012 -16"><span class='ocrx_word' id='word_1_236' title='bbox 287 3794 428 3846; x_wconf 67' lang='lat' dir='ltr'><strong>¹⁰¹·th</strong></span> <span class='ocrx_word' id='word_1_237' title='bbox 440 3780 525 3844; x_wconf 69' lang='lat' dir='ltr'><strong>poete</strong></span> <span class='ocrx_word' id='word_1_238' title='bbox 540 3783 649 3835; x_wconf 78' lang='lat' dir='ltr'><strong>fabulati</strong></span> <span class='ocrx_word' id='word_1_239' title='bbox 664 3795 723 3837; x_wconf 80' lang='lat' dir='ltr'><strong>suut</strong></span> <span class='ocrx_word' id='word_1_240' title='bbox 734 3803 812 3853; x_wconf 82' lang='lat' dir='ltr'><strong>equas</strong></span> <span class='ocrx_word' id='word_1_241' title='bbox 852 3791 908 3855; x_wconf 83' lang='lat' dir='ltr'><strong>ejus</strong></span> <span class='ocrx_word' id='word_1_242' title='bbox 927 3789 1002 3839; x_wconf 82' lang='lat' dir='ltr'><strong>amici</strong></span> <span class='ocrx_word' id='word_1_243' title='bbox 1029 3802 1111 3852; x_wconf 62' lang='grc' dir='ltr'><strong>«μοι</strong></span> <span class='ocrx_word' id='word_1_244' title='bbox 1132 3788 1184 3835; x_wconf 77' lang='lat' dir='ltr'><strong>illos</strong></span> <span class='ocrx_word' id='word_1_245' title='bbox 1201 3780 1373 3830; x_wconf 63' lang='lat' dir='ltr'><strong>misirere·</strong></span> 
     </span>
     <span class='ocr_line' id='line_1_33' title="bbox 286 3855 1373 3931; baseline -0.001 -27"><span class='ocrx_word' id='word_1_246' title='bbox 286 3855 403 3905; x_wconf 74' lang='lat' dir='ltr'><strong>habuisse</strong></span> <span class='ocrx_word' id='word_1_247' title='bbox 415 3857 534 3908; x_wconf 83' lang='lat' dir='ltr'><strong>carnibus</strong></span> <span class='ocrx_word' id='word_1_248' title='bbox 545 3860 659 3910; x_wconf 71' lang='lat' dir='ltr'><strong>humaui·</strong></span> <span class='ocrx_word' id='word_1_249' title='bbox 671 3871 812 3915; x_wconf 71' lang='lat' dir='ltr'><strong>remutet.</strong></span> <span class='ocrx_word' id='word_1_250' title='bbox 852 3866 1030 3931; x_wconf 48' lang='lat' dir='ltr'><strong>appellatura</strong></span> <span class='ocrx_word' id='word_1_251' title='bbox 1048 3863 1118 3912; x_wconf 87' lang='lat' dir='ltr'><strong>uude</strong></span> <span class='ocrx_word' id='word_1_252' title='bbox 1129 3870 1185 3911; x_wconf 84' lang='lat' dir='ltr'><strong>orta</strong></span> <span class='ocrx_word' id='word_1_253' title='bbox 1194 3857 1291 3908; x_wconf 75' lang='lat' dir='ltr'><strong>tabule.</strong></span> <span class='ocrx_word' id='word_1_254' title='bbox 1323 3855 1373 3905; x_wconf 85' lang='lat' dir='ltr'><strong>Alii</strong></span> 
     </span>
     <span class='ocr_line' id='line_1_34' title="bbox 286 3930 1315 3991; baseline -0.001 -11"><span class='ocrx_word' id='word_1_255' title='bbox 286 3930 361 3980; x_wconf 85' lang='lat' dir='ltr'><strong>illurn</strong></span> <span class='ocrx_word' id='word_1_256' title='bbox 379 3930 505 3982; x_wconf 78' lang='lat' dir='ltr'><strong>Hercules</strong></span> <span class='ocrx_word' id='word_1_257' title='bbox 522 3934 665 3986; x_wconf 80' lang='lat' dir='ltr'><strong>interfecit.</strong></span> <span class='ocrx_word' id='word_1_258' title='bbox 697 3937 765 3987; x_wconf 82' lang='lat' dir='ltr'><strong>Vide</strong></span> <span class='ocrx_word' id='word_1_259' title='bbox 776 3937 811 3987; x_wconf 88' lang='lat' dir='ltr'><strong>A·</strong></span> <span class='ocrx_word' id='word_1_260' title='bbox 851 3942 929 3991; x_wconf 74' lang='lat' dir='ltr'><strong>edam</strong></span> <span class='ocrx_word' id='word_1_261' title='bbox 940 3933 1315 3989; x_wconf 71' lang='lat' dir='ltr'><strong>musliundeutandieant.</strong></span> 
     </span>
     <span class='ocr_line' id='line_1_35' title="bbox 285 4006 1372 4080; baseline 0.002 -26"><span class='ocrx_word' id='word_1_262' title='bbox 285 4008 585 4076; x_wconf 76' lang='lat' dir='ltr'><strong>palledor.rr.etllygiu.</strong></span> <span class='ocrx_word' id='word_1_263' title='bbox 602 4012 811 4077; x_wconf 79' lang='lat' dir='ltr'><strong>Fabulamequa·</strong></span> <span class='ocrx_word' id='word_1_264' title='bbox 883 4013 896 4049; x_wconf 62' lang='grc' dir='ltr'>Ι</span> <span class='ocrx_word' id='word_1_265' title='bbox 914 4017 973 4078; x_wconf 62' lang='lat' dir='ltr'><strong>dja</strong></span> <span class='ocrx_word' id='word_1_266' title='bbox 981 4013 1064 4080; x_wconf 64' lang='lat' dir='ltr'><strong>filiun</strong></span> <span class='ocrx_word' id='word_1_267' title='bbox 1082 4012 1207 4075; x_wconf 57' lang='lat' dir='ltr'><strong>Telephe·</strong></span> <span class='ocrx_word' id='word_1_268' title='bbox 1221 4009 1246 4057; x_wconf 84' lang='lat' dir='ltr'><strong>ei</strong></span> <span class='ocrx_word' id='word_1_269' title='bbox 1262 4006 1372 4071; x_wconf 60' lang='lat' dir='ltr'><strong>mdiu</strong></span> 
     </span>
     <span class='ocr_line' id='line_1_36' title="bbox 286 4080 1370 4157; baseline 0.003 -25"><span class='ocrx_word' id='word_1_270' title='bbox 286 4097 342 4133; x_wconf 86' lang='lat' dir='ltr'><strong>rum</strong></span> <span class='ocrx_word' id='word_1_271' title='bbox 364 4083 478 4133; x_wconf 77' lang='lat' dir='ltr'><strong>historin</strong></span> <span class='ocrx_word' id='word_1_272' title='bbox 499 4089 693 4139; x_wconf 76' lang='lat' dir='ltr'><strong>accommodare</strong></span> <span class='ocrx_word' id='word_1_273' title='bbox 718 4090 811 4141; x_wconf 83' lang='lat' dir='ltr'><strong>nititur</strong></span> <span class='ocrx_word' id='word_1_274' title='bbox 850 4093 951 4157; x_wconf 69' lang='lat' dir='ltr'><strong>muer]</strong></span> <span class='ocrx_word' id='word_1_275' title='bbox 977 4087 1078 4153; x_wconf 83' lang='lat' dir='ltr'><strong>‘Ejua,&#39;</strong></span> <span class='ocrx_word' id='word_1_276' title='bbox 1101 4088 1127 4137; x_wconf 86' lang='lat' dir='ltr'><strong>id</strong></span> <span class='ocrx_word' id='word_1_277' title='bbox 1150 4094 1201 4147; x_wconf 81' lang='lat' dir='ltr'><strong>est,</strong></span> <span class='ocrx_word' id='word_1_278' title='bbox 1220 4080 1370 4136; x_wconf 60' lang='lat' dir='ltr'><strong>‘nee-w</strong></span> 
     </span>
     <span class='ocr_line' id='line_1_37' title="bbox 286 4159 1208 4229; baseline 0.005 -22"><span class='ocrx_word' id='word_1_279' title='bbox 286 4159 446 4220; x_wconf 79' lang='lat' dir='ltr'><strong>Duree,curu</strong></span> <span class='ocrx_word' id='word_1_280' title='bbox 462 4160 508 4220; x_wconf 80' lang='lat' dir='ltr'><strong>alt,</strong></span> <span class='ocrx_word' id='word_1_281' title='bbox 520 4175 600 4225; x_wconf 79' lang='lat' dir='ltr'><strong>equus</strong></span> <span class='ocrx_word' id='word_1_282' title='bbox 616 4165 673 4216; x_wconf 85' lang='lat' dir='ltr'><strong>illm</strong></span> <span class='ocrx_word' id='word_1_283' title='bbox 691 4174 810 4229; x_wconf 79' lang='lat' dir='ltr'><strong>potenter</strong></span> <span class='ocrx_word' id='word_1_284' title='bbox 850 4167 909 4229; x_wconf 87' lang='lat' dir='ltr'><strong>‘ei,&#39;</strong></span> <span class='ocrx_word' id='word_1_285' title='bbox 920 4167 948 4217; x_wconf 91' lang='lat' dir='ltr'><strong>id</strong></span> <span class='ocrx_word' id='word_1_286' title='bbox 960 4161 1208 4229; x_wconf 73' lang='lat' dir='ltr'><strong>est,&#39;Ttutlrrsuti.&#39;</strong></span> 
     </span>
     <span class='ocr_line' id='line_1_38' title="bbox 285 4231 810 4309; baseline 0.015 -25"><span class='ocrx_word' id='word_1_287' title='bbox 285 4244 311 4284; x_wconf 86' lang='lat' dir='ltr'><strong>et</strong></span> <span class='ocrx_word' id='word_1_288' title='bbox 324 4233 391 4286; x_wconf 78' lang='lat' dir='ltr'><strong>feras</strong></span> <span class='ocrx_word' id='word_1_289' title='bbox 404 4231 492 4286; x_wconf 75' lang='lat' dir='ltr'><strong>fuisse.</strong></span> <span class='ocrx_word' id='word_1_290' title='bbox 525 4236 576 4286; x_wconf 79' lang='lat' dir='ltr'><strong>Sed</strong></span> <span class='ocrx_word' id='word_1_291' title='bbox 588 4239 664 4290; x_wconf 79' lang='lat' dir='ltr'><strong>aliter</strong></span> <span class='ocrx_word' id='word_1_292' title='bbox 675 4241 810 4309; x_wconf 69' lang='lat' dir='ltr'><strong>Pulsantu-</strong></span> 
     </span>
    </p>
   </div>
   <div class='ocr_carea' id='block_1_6' title="bbox 0 0 1508 4906">
    <p class='ocr_par' dir='ltr' id='par_1_6' title="bbox 0 0 1508 4906">
     <span class='ocr_line' id='line_1_39' title="bbox 0 0 1508 4906; baseline 0 5"><span class='ocrx_word' id='word_1_293' title='bbox 0 0 1508 4906; x_wconf 95' lang='lat' dir='ltr'><strong> </strong></span> 
     </span>
    </p>
   </div>
  </div>
 </body>
</html>
