2980 4916
290 419 357 490 182
640 432 802 483 olearon
825 432 1032 486 onuruusro

292 582 346 645 hie
360 578 448 644 looia
464 572 665 660 imperitare,
680 576 805 643 iiduoia
829 577 1056 660 oognatiouie‘
1076 574 1122 642 ati
1143 594 1220 641 eum
1235 578 1386 656 venium·

190 712 195 727 ·
292 682 389 764 eique
404 679 540 761 quinam
555 681 674 754 esseut,
695 682 729 741 et
742 677 940 759 quibuscum
963 678 1185 760 navigassent,
1208 696 1386 760 aperuere.

292 778 402 845 Deio¹
422 780 529 843 multa
554 776 698 842 invicem
722 783 897 843 consumta
922 780 1086 857 oratione,
1108 777 1150 843 ad
1178 785 1387 860 postremum

291 880 392 945 nostri
407 880 521 946 aerius
535 879 700 955 incusare,
720 877 811 962 quod
837 885 905 943 tam
931 879 1096 944 hostiliter
1110 877 1286 943 adversum
1302 880 1387 942 auoa‘

290 988 490 1045 versaretur.
533 976 813 1058 Agamemnonem
827 997 970 1064 namque
984 986 1018 1044 et
1032 978 1225 1043 Menelaum
1242 978 1386 1061 Pelopi-

293 1081 365 1159 das,
380 1100 445 1145 uon
460 1080 587 1144 alienos
602 1079 732 1159 generis
742 1086 756 1114 ¹¹
778 1079 844 1156 aui,
865 1098 940 1142 eum
961 1079 1146 1145 exercitum
1162 1078 1386 1143 contraxisse.

293 1179 384 1247 Deiu
398 1200 473 1265 quae
494 1181 582 1244 eirca
602 1178 735 1242 domum
752 1176 898 1241 Menelai
920 1179 964 1243 ab
980 1177 1176 1244 Alexandro
1198 1179 1385 1243 commissa

291 1289 416 1358 meent,
430 1286 628 1362 raptumque
645 1278 788 1343 Helenae
803 1276 944 1342 docent:
966 1280 1010 1343 ob
1024 1289 1124 1361 quoe³
1147 1280 1270 1343 decere
1289 1298 1382 1356 eum,

292 1401 368 1446 oum
386 1385 519 1463 propter
533 1379 863 1460 consanguinitatem,
876 1385 945 1443 tum
960 1380 1131 1463 praecipue
1144 1380 1189 1444 ob
1203 1380 1321 1443 euelua
1335 1380 1384 1442 vi·

292 1482 374 1546 olati
388 1479 574 1545 communis
594 1477 743 1560 hospitii,
758 1478 892 1542 Graecis
913 1479 999 1543 ultro
1019 1481 1131 1544 ferre⁴
1151 1480 1330 1557 auxilium,
1350 1481 1385 1543 in

291 1596 434 1662 quorum·
450 1579 614 1660 gratiamv
637 1579 745 1661 ipsius
760 1581 858 1643 etiam
874 1578 1036 1643 Herculis
1060 1580 1205 1662 piurima
1228 1579 1384 1643 laborum

291 1686 506 1745 monumenta
520 1698 579 1761 per
601 1684 704 1743 totam
720 1678 890 1743 Graeoiam
911 1679 1116 1745 existerent.5
1159 1677 1215 1743 Au
1230 1697 1275 1742 ea
1287 1678 1386 1743 Tele·

291 1781 401 1865 phus:
422 1779 485 1844 etei
499 1780 613 1844 dolore
630 1780 772 1843 vulneris
786 1780 962 1844 immodice
984 1779 1218 1857 afflictabatur,
1241 1781 1383 1861 benigue

288 1890 403 1946 tammr
419 1881 636 1964 respondens,
649 1881 799 1962 ipsorum
813 1881 927 1964 potius
949 1880 998 1944 ait
1020 1881 1122 1963 culpa
1134 1880 1274 1958 laetum,
1288 1879 1381 1962 quod

292 1982 523 2058 amicissimos,
543 1989 578 2046 et
597 1982 732 2066 junctos
752 1981 820 2044 eibi
844 1980 977 2060 generis
998 1980 1168 2057 affinitate,
1189 1999 1293 2062 reguo
1316 1998 1382 2044 sno

292 2083 452 2165 appulsos
466 2081 686 2162 ignoraverit:
699 2079 948 2163 praemittendos
961 2082 1083 2144 etenim
1096 2080 1213 2158 iuiase‘,
1224 2098 1285 2162 per
1294 2098 1383 2162 quoa

292 2183 426 2263 cognito
441 2180 710 2246 eorumadreutu
726 2180 862 2245 obviam
876 2181 926 2244 ire
945 2181 1162 2261 gratulantem
1179 2181 1384 2262 oportuerit:

292 2289 395 2367 atque
422 2283 530 2348 amice
559 2281 706 2364 hospitio
731 2286 898 2363 receptos,
927 2281 1135 2363 donatusque
1157 2280 1386 2357 muneribus,'

291 2401 370 2447 eum
396 2382 608 2447 commodum
631 2382 717 2464 ipsis
733 2382 913 2458 rideretur,
931 2382 1108 2448 remittere.
1152 2379 1308 2445 Ceterum
1321 2381 1387 2444 mi-

290 2480 395 2545 liliam
411 2482 580 2545 Priamum
592 2482 783 2545 adversum¹
797 2500 969 2546 recusare:
981 2481 1191 2565 Astyocheu⁶
1205 2481 1294 2545 enim
1311 2479 1385 2543 Pri-

291 2581 409 2656 ami‚⁷¹
426 2580 492 2644 sibi
506 2582 716 2645 matrimonio
726 2583 890 2664 junctam,
899 2601 943 2646 ex
955 2601 1024 2666 qua
1037 2582 1226 2665 Eurypylus
1239 2582 1384 2662 genitus,

290 2889 390 2948 que-a
408 2883 502 2948 Delplr.
521 2886 672 2946 crisma—6
695 2888 793 2953 Delph.
810 2891 968 2940 midan-o
988 2888 1086 2953 Delph.
1104 2887 1303 2952 marim-t
1317 2885 1383 2935 Paat

787 3063 896 3115 Now

322 3175 450 3226 ‘Fiducia
469 3175 629 3241 tonationis]
657 3177 725 3228 Nam
743 3178 817 3228 ’l'ele-
856 3176 998 3227 Herculem
1009 3176 1069 3226 olim
1079 3175 1156 3224 ilium
1165 3172 1306 3235 obaediaae,
1316 3172 1383 3223 Lao·

290 3251 356 3316 plrua
371 3265 458 3301 eorum
478 3257 535 3300 erat
553 3252 704 3311 avunculus,
723 3266 816 3316 nempe
855 3252 1002 3301 medontam
1015 3248 1194 3299 interfectore?
1209 3248 1258 3296 lac.

289 3325 371 3377 irater
380 3326 507 3387 Pleurati,
518 3324 606 3375 eoium
619 3326 709 3390 patria.
887 3333 903 3358 ¹¹
919 3326 1072 3387 Μέσην
1081 3320 1228 3383 meritur]
1243 3321 1308 3372 Qua
1323 3320 1383 3370 irlea

322 3410 334 3436 ⁸
351 3402 407 3451 Noa
418 3403 506 3452 alim
520 3401 627 3466 generis]
646 3403 712 3452 Nam
722 3402 815 3452 'l'auta-
855 3394 1383 3462 Xaaiadicebantur,qooddarautariioa·

288 3477 330 3525 lua
346 3477 451 3540 Pelopia
468 3492 570 3540 parem,
585 3477 658 3528 Jorla
675 3475 742 3526 tiliua
757 3474 817 3537 init,
854 3470 1123 3538 pitibua,quiGraeia
1134 3468 1254 3519 ‘lieoot'

288 3556 318 3600 at
333 3550 370 3597 lta
388 3549 468 3600 frater
480 3550 610 3612 Herculia,
619 3552 663 3616 qui
673 3550 815 3615 'l'eleplrum
885 3557 898 3582 ¹
914 3548 1040 3598 Priaaaam
1057 3544 1194 3607 adom]
1210 3545 1275 3605 Pro,
1292 3545 1384 3594 adrer-

289 3623 414 3686 auaeepit.
448 3623 533 3687 igitur
542 3625 638 3690 Pelops
647 3634 675 3676 et
685 3626 815 3689 Telephon
852 3637 907 3673 aum
927 3624 1073 3674 Priamum:
1089 3622 1127 3672 aio
1144 3634 1232 3684 aupra,
1245 3622 1325 3683 ‘quoa
1336 3621 1383 3669 ad·

289 3698 444 3749 eonaolrrlui.
460 3698 637 3762 Agamemnon
647 3716 708 3752 roro
718 3708 746 3750 et
757 3701 815 3751 lile·
839 3697 974 3762 -reraum,'
992 3711 1038 3763 pro
1054 3696 1210 3747 ‘advenum
1221 3696 1304 3760 quoa'

289 3774 379 3822 nolana
410 3770 554 3823 Plisthenio
583 3774 639 3840 lilii,
670 3775 815 3826 Pliathenea
886 3771 1048 3837 tantm
1068 3771 1131 3820 ania:
1152 3768 1261 3833 Priami]
1292 3769 1385 3820 Pilia·

288 3846 480 3910 Atrei,Atrena
490 3847 603 3913 Pelopia.
854 3847 964 3897 aeilieet.
997 3846 1150 3910 Ati'eleplrl
1159 3845 1265 3910 quitiam
1276 3858 1385 3895 uorem

321 3930 333 3955 v
350 3920 380 3971 li
391 3923 614 3987 perungi-atim]
633 3923 680 3974 Ait
691 3924 814 3988 plurimos
853 3922 1004 3988 Astyochen
1016 3930 1094 3974 rorat
1112 3922 1235 3971 Euatath.
1248 3920 1276 3970 iu
1285 3919 1387 3985 odyn.

288 3994 813 4061 latore·mgrattamorecoromauner·
853 4007 880 4048 ll.
911 4000 963 4051 Sed
976 4015 1032 4051 eam
1044 3998 1143 4049 Priami
1154 4012 1279 4059 aurorem,
1290 4011 1344 4047 nou
1354 3997 1386 4047 fi·

288 4071 510 4136 cuiaeaautlatoa,
522 4081 551 4124 ut
560 4073 594 4125 ab
602 4076 721 4139 exemplo
734 4077 814 4139 patria
854 4056 913 4125 llam
924 4076 996 4126 dicit.
1024 4076 1079 4126 Alit
1090 4075 1175 4124 aerina
1184 4087 1242 4123 eam
1252 4071 1382 4121 laodien

288 4161 346 4196 aum
357 4147 383 4196 iu
395 4147 494 4198 militia
512 4151 662 4202 aociatatem
681 4151 813 4216 pertrahe·
855 4157 958 4212 runaut,
982 4164 1057 4215 quam
1080 4147 1178 4198 Priami
1200 4145 1280 4196 tiliam
1298 4144 1382 4194 t'niaaa

286 4232 338 4276 rat.
364 4224 416 4279 Sed
427 4239 474 4276 eur
486 4239 536 4276 nou
548 4226 632 4289 potina
644 4227 703 4289 iata,
713 4224 813 4275 aellieet
853 4238 942 4274 omues
952 4223 1124 4277 eouaentiuot·
