3006 4906
405 407 455 456 nn
478 406 598 457 nunno
619 407 791 458 rectane
817 409 889 459 urs.
913 411 978 459 vn·
1071 398 1074 405 “
1156 393 1221 463 287

115 551 351 620 vehementius
364 554 506 634 pemtat,
529 556 565 614 et
578 568 598 614 e
611 549 746 616 diverso
758 551 938 635 repellitur,
961 553 1104 619 clamare
1128 554 1217 620 occi·

118 656 187 738 pit,
209 653 381 736 iudignum
405 651 549 728 facinus,
573 652 742 735 prohiberi
757 673 795 718 se
818 673 841 717 e
862 654 1006 736 parentis
1025 655 1219 740 complexu.

122 754 181 819 Ite
192 753 340 818 credito⁹
353 752 556 833 Telegonum
573 754 617 818 ed
633 754 837 819 inferendam
852 755 921 818 rim
943 755 1013 836 regi
1028 755 1218 832 adventare,

122 855 237 920 scrius
258 854 439 920 resistitur:
472 853 553 918 nulli
575 854 701 937 quippe
725 863 944 939 compertum,
972 874 1049 919 esse
1079 856 1218 921 alterum

124 959 228 1020 etiam
252 953 369 1039 Ulyssi
393 954 519 1020 filium:
542 961 600 1020 at¹
618 956 765 1039 juvenis,
788 956 847 1020 ubi
873 976 910 1021 se
932 954 1161 1022 vehementius
1186 966 1221 1022 et

123 1058 266 1140 pervim
287 1055 408 1141 repelli
422 1056 522 1133 videt,
544 1056 656 1121 dolore
671 1056 778 1121 elatus
792 1056 915 1121 multos
928 1055 1106 1122 custodum
1119 1056 1220 1123 inter·
1234 1102 1238 1109 «

122 1157 205 1235 ficit,
234 1165 294 1222 eut
320 1157 465 1239 graviter
493 1157 685 1221 vulneratos
713 1154 876 1222 debilitet.
922 1154 1009 1236 Qum
1037 1164 1220 1241 postquem
1304 1206 1306 1211 ,

123 1259 243 1342 Ulyssi
259 1259 394 1341 cognita
408 1263 495 1337 sunt,
510 1258 709 1322 existimaus
725 1257 885 1341 juvenem
899 1277 921 1322 a
936 1257 1139 1324 Telemacho
1160 1259 1221 1322 im·

123 1361 281 1437 missum,
310 1377 461 1440 egressus
486 1358 650 1436 lanceam,
673 1377 774 1441 qnam
798 1360 842 1422 ob
867 1359 1003 1424 tutelam
1029 1360 1081 1423 sui
1110 1377 1221 1443 gerere

125 1463 356 1537 consueverat,
385 1459 560 1524 adversum
583 1457 786 1541 Telegonum
811 1458 991 1543 jaculatur.
1033 1458 1100 1524 Sed
1127 1466 1220 1542 post-

123 1581 225 1646 quam
247 1558 440 1644 hujusmodi
463 1560 569 1625 ictum
592 1559 728 1644 juvenis
752 1579 834 1626 casu
860 1561 1007 1645 quodum
1031 1561 1221 1645 intercipit,n

122 1664 199 1748 ipse
223 1662 258 1726 in
277 1666 451 1745 parentem
476 1661 602 1743 insigne
622 1660 773 1744 jaculum
799 1662 930 1738 emittit,
954 1661 1219 1727 infelicissimum

124 1783 244 1830 casum
269 1762 426 1853 vulneri·²
456 1761 732 1843 contemplatus.0
776 1758 824 1824 At
847 1761 904 1823 ubi
924 1761 1057 1825 ictueo
1080 1760 1221 1846 Ulysses

125 1863 287 1941 concidit,
312 1863 469 1944 gratulari
483 1882 558 1926 cum
573 1861 719 1939 fortuna,
740 1861 956 1944 confiterique
969 1862 1094 1943 optime
1109 1883 1220 1929 secum

127 1971 241 2030 aetum
253 1963 344 2047 quod
366 1964 509 2047 pervim
524 1962 655 2027 externi
669 1961 814 2026 hominis
827 1962 1035 2039 interemtus,
1050 1963 1221 2045 parricidii

127 2066 257 2131 scelere
277 2062 517 2129 Telemachum
544 2062 754 2128 carissimum
785 2063 849 2127 sibi
874 2062 1091 2127 liberavisset
1134 2063 1222 2129 Dein

124 2166 292 2249 reliquum
321 2165 429 2231 adhuc
450 2168 614 2230 retentans
638 2163 804 2246 spiritum,
828 2163 986 2247 juvenem
1010 2165 1222 2244 percunctari

123 2268 293 2352 quisnam,
308 2270 342 2330 et
355 2285 402 2331 ex
415 2286 484 2350 qno
497 2274 592 2329 ortus
605 2265 692 2341 loco,
706 2285 744 2329 se
755 2272 766 2312 ³
781 2264 873 2329 domi
884 2262 1039 2346 belloque
1047 2263 1223 2348 inclytumP

123 2368 289 2450 Ulyssem
309 2365 442 2433 Istue
456 2366 562 2430 filium
576 2365 760 2430 interlicere
783 2383 886 2430 cuens
910 2371 1013 2428 esset.
1056 2364 1141 2428 Turn
1156 2363 1223 2428 Te·

122 2469 269 2552 legonus
292 2467 427 2551 cognito
452 2473 623 2550 parentem
651 2486 742 2545 esse,
768 2475 908 2549 utraque
931 2484 1032 2530 manu
1056 2465 1222 2531 dilanians

123 2575 246 2653 ceput,
264 2566 376 2632 fletum
391 2566 463 2631 edit
477 2585 577 2650 quem
592 2566 825 2645 miserabilem,
840 2567 987 2631 maxime
1002 2566 1223 2632 discruciatus

121 2669 167 2735 ob
182 2668 316 2733 illatam
333 2684 393 2749 per
407 2685 443 2728 se
457 2667 544 2748 petri
559 2684 684 2732 necem.
728 2666 847 2751 Itaque
857 2666 987 2751 Ulyssi,
999 2669 1049 2732 uti
1062 2668 1223 2745 voluerat,

119 2787 253 2834 nomeu
266 2785 362 2831 suum
377 2769 479 2847 atque
494 2766 625 2844 matris,
648 2767 791 2832 insulem
815 2774 972 2852 quoque4
996 2768 1030 2833 in
1047 2789 1116 2853 qua
1130 2776 1222 2835 ortus

119 2880 226 2949 esset,
257 2875 293 2934 et
327 2868 371 2933 ed
407 2873 613 2953 postremum
650 2867 777 2951 insigne
806 2869 913 2953 jaculi
954 2869 1110 2934 ostendit.
1167 2869 1223 2934 Ita

120 2972 284 3057 Ulysses,
308 2970 367 3034 ubi
389 2969 457 3033 vim
481 2970 703 3052 ingruentium
726 2971 930 3036 somniorum
956 2970 1222 3054 praedictumque

120 3074 166 3137 ab
183 3069 440 3152 'interpretibus
463 3069 542 3134 ritee
569 3068 695 3134 exitum
719 3070 830 3135 animo
852 3071 1046 3137 recordatus
1073 3075 1134 3147 est,
1154 3069 1224 3133 vul·

592 3280 763 3303 mmuh

155 3437 174 3482 9
190 3428 291 3493 Delplr·
301 3435 329 3477 et
341 3426 591 3490 rulg.errditarrr.-l
609 3428 704 3491 Delph.
720 3427 833 3477 dein-t
849 3421 1120 3491 Vluding.legrudu1n
1137 3429 1226 3473 censet

119 3495 308 3546 mmet-s
328 3489 398 3540 Ante
408 3505 435 3540 u
444 3490 524 3541 moer
534 3492 633 3557 Delplr.
644 3492 742 3556 qut-⁴
760 3491 844 3540 Deest
856 3490 882 3540 lu
903 3490 996 3555 Delph.
1012 3502 1110 3554 monae,
1124 3492 1152 3538 et
1166 3496 1225 3537 mox

120 3576 168 3625 r·e
180 3568 244 3624 9⁰⁸¹
252 3559 382 3620 mara.

627 3695 735 3748 uerus

121 3841 194 3893 seni
211 3845 300 3888 sutem
318 3841 462 3891 momenti
478 3841 592 3904 putenti,
607 3840 662 3905 Ipsi
701 3838 994 3893 lstualrunstnmiulrre.

124 3928 213 3982 quern
222 3915 363 3978 querens.
374 3917 467 3966 malem
477 3917 584 3968 immitit
594 3930 661 3967 uror·
733 3918 840 3967 inest
860 3917 963 3979 amru
989 3912 1115 3978 mmm]
1143 3911 1226 3969 Doni.

56 4048 64 4061 ,
122 3990 211 4045 tem-⁸
702 3993 862 4048 subauditur,
875 3996 992 4054 tmpom
1008 3994 1035 4038 et
1051 3987 1225 4038 lrle‘dnnrns'

160 4075 176 4101 ⁵
194 4064 599 4131 metamaucensem.
700 4062 985 4132 usurpaturprorirce.
1017 4061 1071 4113 Alii
1086 4061 1227 4114 meliusdi·

127 4140 132 4145 '
155 4152 172 4178 ⁰
189 4141 389 4203 Infeliemeim
405 4158 485 4194 m
501 4144 594 4194 maeri
612 4155 666 4193 eon·
702 4139 872 4198 cuut‚‘dornl
884 4134 1013 4203 bellique?

113 4218 274 4288 teanum]
303 4219 456 4284 lycophron
467 4219 568 4283 acriblt,
575 4216 663 4282 illyrii
