3006 4906
407 421 457 469 na
482 419 609 470 axorn.
632 419 759 472 uanum
783 422 930 474 areuna.
1143 410 1209 480 325

109 587 195 650 quae
211 583 284 629 cum
297 561 467 627 Priamo'
488 569 601 644 egerat
613 566 710 629 serv'o
723 564 826 630 dicit:
847 585 963 630 servus
980 565 1101 634 Achilli
1123 588 1208 637 nuu-

112 669 200 737 tiat:
218 665 367 730 Achilles
381 664 482 747 vulgo
496 665 653 748 queritur,
668 666 768 729 unius
781 667 927 732 mulieris
944 668 1087 735 Helenae
1102 690 1208 738 causa

113 774 218 833 totum
229 767 400 832 Graeciam
410 772 445 830 et
457 766 627 849 Europam
641 766 840 832 advocatam
854 788 942 846 esse,
953 776 1046 834 tanto
1059 777 1206 855 tempore

114 876 169 934 tot
181 869 290 933 millia
302 868 469 932 homiuum
485 866 645 949 periisse3
667 875 720 931 tot
737 868 884 950 pericula
897 870 1000 949 adiri3
1021 872 1207 938 libertatem

116 971 154 1032 in
169 969 308 1052 ancipiti
321 987 416 1033 esse:
439 969 547 1033 unde¹
572 966 643 1033 fieri
655 988 771 1051 pacem
792 969 919 1047 dehere,
939 974 1104 1037 exercitus
1118 992 1209 1039 rece·

119 1070 210 1135 dere.
253 1068 372 1135 Annus
388 1071 608 1134 circumactus
623 1078 685 1135 est
715 1068 915 1135 Palamedes
930 1075 1116 1138 exercitum
1130 1075 1209 1140 edu·

118 1174 179 1249 cit,
193 1173 334 1236 instruit
378 1173 459 1257 [28]
482 1172 680 1256 Deiphobus
706 1179 834 1237 contra.
878 1174 1028 1240 Achilles
1049 1177 1154 1241 iratus
1173 1177 1208 1239 in

117 1272 273 1355 praelium
295 1292 362 1337 non
383 1272 506 1355 prodit.
550 1271 748 1337 Palamedes
764 1276 976 1340 occasionem
990 1283 1124 1354 nactus,
1149 1277 1210 1340 im·

118 1374 329 1455 pressionem
342 1374 376 1436 iu
390 1373 603 1455 Deiphobum
622 1371 714 1449 iacit,
734 1384 859 1437 etcum
876 1375 1054 1439 obtruncat
1067 1384 1099 1435 τ’
1121 1396 1207 1459 prte-

120 1476 204 1539 lium
221 1492 297 1539 acre
311 1475 459 1558 insurgit,
481 1475 525 1537 ah
541 1475 688 1556 utrisque
702 1476 850 1558 partibus
865 1476 971 1540 multa
987 1477 1093 1541 millia
1104 1477 1210 1542 homi·

121 1596 201 1640 num
213 1575 347 1642 cadunt
391 1576 846 1659 Palamedesin'primaacie
860 1583 1027 1658 versatm3
1048 1578 1210 1644 hortatur·

121 1697 188 1760 qne
214 1684 251 1742 ut
273 1677 429 1761 praelium
453 1676 581 1741 sortiter
609 1682 732 1757 gerant.
777 1675 903 1740 Contra
926 1697 1003 1741 eum
1032 1679 1209 1761 Sarpedon

121 1778 247 1862 Lycius
272 1779 425 1855 occurrit,
439 1797 582 1861 eumque
608 1776 807 1843 Palamedes
833 1777 1006 1841 interficit.¹
1047 1779 1210 1846 Eclecto

122 1879 226 1943 laetus
241 1881 275 1943 iu
290 1882 364 1945 acie
375 1889 528 1945 versatur.
573 1878 636 1944 uui
651 1878 816 1943 exultanti
839 1885 875 1941 et
896 1878 1047 1959 glorianti
1062 1878 1211 1945 Alexan·

126 1979 295 2045 derParis
311 1981 430 2063 sagitta
451 1981 575 2046 collum
600 1979 788 2061 transfigit·
831 1977 982 2063 Phryges
1004 1981 1211 2046 animadver-

124 2088 209 2159 tunt,
224 2083 290 2146 tela
303 2084 493 2167 conjiciunt,
508 2091 610 2164 atque
624 2082 672 2146 ita
687 2080 889 2145 Palamedes
904 2079 1077 2146 occiditur.
1115 2082 1210 2167 Rege

124 2183 254 2259 occiso,
267 2181 383 2266 Argivi
396 2184 529 2263 cedunt,
543 2182 682 2267 'l'rojani
696 2186 946 2266 persequuntur,
961 2188 1072 2248 castra
1085 2203 1211 2267 oppug-

122 2292 213 2367 nant,
226 2306 333 2351 naves
346 2287 538 2364 incendunt,
553 2284 664 2350 cuncti
686 2283 942 2366 impressionem
958 2276 1094 2363 faciunt,
1107 2287 1212 2369 turpi·

70 2402 74 2415 ·
122 2392 172 2449 ter
185 2387 308 2453 Achivi
321 2395 415 2471 terga
429 2388 619 2465 vertentia
633 2394 745 2452 castra
759 2383 960 2466 confugiunt.
993 2384 1116 2452 Achilli
1130 2406 1215 2453 unn-

124 2485 245 2551 tiatum
265 2497 339 2554 est:
369 2489 568 2553 dissimulat.
612 2485 704 2571 Ajax
724 2484 944 2550 Telamonius
966 2482 1143 2552 fortissime
1157 2486 1213 2552 de·

125 2587 249 2654 fendit:
260 2589 274 2626 ¹·
287 2610 358 2655 nox
372 2590 525 2673 praelium
536 2587 669 2652 dirimit
713 2584 830 2667 Argivi
845 2584 879 2647 in
891 2584 1009 2649 castris
1021 2584 1214 2678 Palamedis
1229 2647 1234 2655 .

125 2690 314 2769 scientiam,
330 2692 534 2776 aequitatem,
546 2689 744 2764 bonitatem,
760 2685 967 2750 clementiam
979 2686 1212 2753 lamentantur.

122 2791 208 2875 [29]
221 2793 361 2877 Trojani
375 2792 600 2876 Sarpedonem
615 2797 652 2854 et
667 2787 882 2871 Deiphobum
896 2785 1027 2852 deflent.
1071 2787 1212 2868 Nestor,

122 2895 178 2975 qui
192 2895 305 2979 major
319 2902 392 2959 erat
405 2899 496 2969 natu,
511 2896 612 2956 noctu
626 2889 730 2954 duces
750 2888 785 2951 in
799 2887 971 2951 consilium
987 2894 1117 2967 evocat,
1133 2909 1212 2953 sua·
1296 2914 1302 2924 ¹

122 2993 191 3074 det,
200 2997 365 3074 hortatur,
376 2993 432 3061 ut⁶
443 2995 676 3078 imperatorem
688 2987 882 3074 praeficiant,
892 2993 928 3053 et
940 2990 970 3053 si
984 2989 1035 3053 eis
1045 2988 1209 3064 videatur,

583 3184 760 3207 ‘eoeneum

156 3311 174 3354 ὓ
194 3306 344 3371 UliDelplr.

617 3448 724 3502 NOTAE

152 3593 170 3617 ι
186 3583 393 3635 magma,
409 3599 461 3648 μ
475 3598 528 3634 m
543 3581 653 3645 prm]
692 3572 789 3623 dicunt.
818 3568 883 3619 Vide
895 3567 1059 3622 Humilli-
1086 3565 1217 3634 Adlspud

119 3660 232 3710 Hecuba
242 3673 320 3709 serso
332 3657 399 3708 dicit
413 3660 513 3722 eadam,
524 3673 581 3724 quae
593 3670 652 3707 cum
691 3649 802 3712 Dictyn.

119 3736 341 3797 Priamoegerst.
723 3719 1220 3783 ulmservarhugimealnm·

154 3814 168 3841 ¹
187 3810 268 3874 Unde]
284 3809 317 3859 id
329 3816 478 3873 cunquire.
685 3800 759 3866 figit]
773 3798 906 3863 Nusquam
917 3794 1217 3860 dibilegerepomis,sb

155 3890 168 3925 ¹
189 3885 429 3949 Etmohtrenmt]
452 3885 653 3936 Abaliiinmnt.
692 3875 841 3928 Alexandro
861 3869 1026 3925 Palamedem
1048 3873 1219 3931 vulneratum,

119 3958 174 4007 bns
197 3957 318 4021 discedit,
334 3961 377 4025 qut
399 3960 516 4012 retinent
536 3960 653 4024 uelpho·
693 3961 720 4003 et
731 3950 825 4003 deinde
840 3950 880 3998 im
895 3947 1016 3997 occisum.
1046 3946 1098 3998 Sed
1114 3946 1147 3996 de
1163 3946 1219 4010 ejus

120 4036 188 4085 hum
200 4048 217 4081 s
230 4034 346 4085 Menelao
355 4038 479 4087 occisum.
504 4035 573 4086 Vide
583 4035 652 4100 apud
691 4036 783 4090 morte,
794 4024 853 4075 ride
863 4021 931 4088 apud
944 4021 1051 4084 Dictyn.

115 4112 237 4175 Dictyn.
723 4102 817 4164 im
834 4098 983 4150 Telamonius
991 4094 1124 4157 sociatu
1137 4096 1217 4156 Mm-

147 4196 160 4223 ⁸
179 4187 294 4250 sm
303 4187 443 4237 Parnase
452 4182 580 4252 interficit]
600 4184 653 4235 hed
690 4181 740 4244 dit]
765 4181 807 4229 Ex
827 4177 942 4227 Homero
962 4182 990 4227 et
1010 4176 1098 4240 Dicty,
1118 4181 1218 4224 mamm

115 4264 160 4314 eiii
179 4275 276 4313 omnes
292 4277 351 4313 eum
371 4262 526 4313 aPrtroelo
541 4259 653 4315 occisum
692 4263 926 4321 tantumtempora.
