3034 4928
459 887 565 975 nn
614 888 866 982 meru
919 894 1241 1009 osaea

428 1180 432 1187 ’
555 1182 633 1248 EX
668 1183 904 1252 JOANNE
938 1188 1148 1256 voss10

641 1356 690 1406 DE
706 1356 910 1409 alunomcls
926 1358 1070 1410 GRAECIS.

316 1813 518 1907 Quaruna
539 1843 598 1908 isti
629 1843 672 1908 ad
689 1843 838 1928 TrnJana
857 1850 1009 1926 tempora
1030 1842 1220 1919 reseruntur,
1233 1839 1402 1924 Sisyphus

317 1940 423 2021 Cous,
452 1943 629 2021 Curianus,
659 1946 766 2010 Dares
798 1944 977 2028 Phrygius,
1002 1953 1036 2008 et
1070 1943 1191 2027 Dictys
1219 1942 1401 2008 Cretensis.

317 2043 484 2127 Sisyphus
511 2045 614 2123 Cons,
638 2054 677 2110 ut
701 2047 803 2123 aiunt,
831 2046 952 2111 Teucri
978 2045 1088 2108 soriha
1113 2045 1187 2121 suit,
1217 2063 1257 2107 ac
1281 2060 1336 2106 res
1355 2041 1402 2105 ad

318 2142 419 2207 llium
441 2154 552 2225 gestas
580 2147 706 2228 primus
731 2145 837 2210 literis
860 2144 1084 2228 consignavit:
1107 2164 1152 2208 ex
1174 2162 1215 2208 eo
1233 2149 1344 2207 autem
1366 2150 1404 2204 et

318 2243 422 2331 Dicty
437 2244 597 2322 Cretensi,
615 2246 783 2311 Homerus
805 2247 915 2311 hausit
929 2265 1004 2329 qnae
1027 2245 1167 2323 cecinit3
1190 2245 1218 2307 si
1236 2240 1405 2308 credimus

316 2341 441 2408 Joanui
458 2344 571 2409 Meleli
588 2345 867 2429 Chronograph03
889 2366 933 2410 ex
950 2364 1018 2427 quo
1032 2343 1065 2407 id
1079 2344 1176 2409 refert
1189 2343 1212 2408 J
1215 2342 1406 2408 oon-'linet-

318 2462 386 2519 nes,
402 2444 489 2508 Chii.
505 2462 539 2505 v.
555 2444 647 2507 Hist.
661 2445 716 2507 29.

362 2539 418 2603 Ah
433 2542 509 2605 aliis
531 2549 638 2604 antem
654 2543 780 2624 primus
796 2541 920 2606 dicitur
933 2542 1110 2618 Corinnns,
1124 2541 1319 2606 Palamedis
1332 2542 1405 2606 dis·
1451 2538 1460 2545 ’

319 2640 465 2722 cipulns,
482 2642 618 2705 durante
635 2643 817 2707 etiamnum
833 2644 921 2709 hello
933 2643 1091 2727 Trojano,
1103 2642 1244 2707 iliadem
1258 2642 1406 2705 carmine

320 2740 522 2817 modulatus,
545 2750 646 2824 atque
667 2743 703 2807 id
725 2742 832 2807 literis
853 2744 985 2808 Doricis
1008 2763 1029 2806 a
1050 2742 1230 2807 Palamede
1251 2742 1407 2805 inventis.

321 2840 469 2905 Dardani
483 2861 616 2924 quoqne
638 2863 781 2926 pugnam
799 2844 961 2909 adversus
982 2843 1220 2925 Paphlagonas
1239 2860 1409 2925 exposue-

320 2943 380 3018 rit3
403 2961 567 3025 omneque
581 2943 725 3025 poeseos
740 2963 812 3010 snat
828 2948 1050 3026 argumentum
1061 2962 1155 3007 exeo
1169 2942 1315 3006 hauserit
1328 2939 1408 3003 Ho-

321 3049 491 3116 metuant
505 3044 607 3105 aiunt.
649 3042 781 3108 Auctor
791 3044 916 3110 Snidas
929 3046 964 3108 in
980 3041 1113 3128 Κόρωνος.

321 3174 325 3181 .
366 3140 666 3224 narespnrygtns,
682 3144 838 3209 sacerdus
850 3145 1080 3229 'Ilojannsmh
1097 3143 1247 3207 Homero
1257 3142 1410 3206 celebra·

322 3248 377 3325 tur
391 3241 434 3305 Il.
457 3248 496 3305 Ε.
542 3242 624 3327 EJus
648 3241 828 3325 Phrygiam
852 3243 996 3308 Iliadem
1016 3261 1081 3306 sua
1104 3245 1284 3308 etiamnum
1302 3250 1409 3307 aetate

218 3400 227 3417 ,
323 3344 488 3416 extitisse,
502 3345 551 3405 ait
566 3343 719 3407 AElianns
733 3344 792 3407 lib.
809 3359 863 3406 xi.
881 3342 959 3409 Var-
978 3342 1071 3407 Hist.
1085 3362 1161 3425 cap.
1184 3342 1236 3405 ll.
1279 3342 1332 3406 Do
1346 3361 1412 3405 eo·

325 3441 398 3504 dem
426 3443 477 3505 sic-
501 3443 641 3506 Photins
667 3442 862 3508 Patriarcha
885 3443 919 3506 iu
942 3436 1102 3506 Biblioth.
1127 3442 1212 3507 Cud.
1231 3458 1324 3506 cxx.
1345 3441 1413 3506 ubi

324 3549 487 3622 excerpta
498 3541 592 3605 affert
609 3561 652 3605 ex
663 3543 838 3610 Ptolemaei
853 3544 1107 3628 Hephaestionis
1121 3562 1211 3607 nova
1221 3542 1265 3606 ad
1280 3545 1413 3608 vanam

326 3640 544 3703 eruditionem
558 3641 697 3705 historia
710 3663 718 3706 ε

367 3736 546 3825 Ἀντίπατρος
560 3736 591 3801 δι’
603 3744 714 3815 partui
736 3738 887 3821 Ἀκάνθιος,
904 3742 1022 3829 deipara
1038 3743 1090 3827 apl
1113 3742 1237 3828 Ὁμήρου
1251 3742 1416 3826 γράψαντι

326 3842 374 3917 τὴν
387 3839 507 3912 Ἰλιάδα,
526 3843 653 3942 litigosa
668 3840 795 3926 γενέσθαι
811 3842 960 3928 Ἕκτορος,
974 3843 1040 3929 reip
1053 3848 1102 3906 ruri
1116 3847 1156 3923 μὴ
1176 3844 1281 3905 &uaris
1298 3844 1418 3927 θιαῖρου

326 3938 496 4024 Ἀχιλλέως,
517 3940 723 4026 ‘Antipater
737 3941 920 4008 Acanthius
944 3946 1053 4024 refert,
1069 3945 1237 4022 Daretem,
1259 3945 1417 4026 quiante

328 4039 509 4104 Homerum
520 4040 657 4106 Iliadem
671 4045 887 4127 conscripsit,
907 4046 1100 4133 monitorem
1116 4044 1222 4109 inisse
1235 4044 1417 4124 Hectoris,

328 4146 562 4224 auctoremque
576 4161 618 4204 ne
631 4141 771 4209 Achillis
785 4147 910 4211 socium
923 4145 1144 4211 interimeret?
