3006 4906
414 450 464 497 nn
488 449 616 499 nxcrn.
639 451 766 501 raorm
789 441 945 504 nrsron.¹
1156 444 1222 511 31⁷

127 614 210 658 aere
223 600 258 657 et
271 591 463 658 iracundum
478 593 534 658 iit:
557 593 761 659 fortissimus
776 596 917 678 quisque
939 597 973 660 in
989 598 1104 681 primis
1119 601 1221 666 cadit.

129 694 265 760 Hector
279 694 475 758 Patroclum
491 695 639 772 occidit,⁸
650 701 682 759 et
696 715 771 760 eum
787 696 933 778 spoliare
948 705 1055 779 parat.
1091 697 1222 766 Marion

129 795 234 858 eumb
258 815 300 859 ex
326 796 466 860 acione
495 797 695 878 spoliaretur
719 797 854 880 eripuit.
897 796 1026 861 Hector
1040 797 1223 866 Merionem

131 897 343 980 persequitur
355 905 391 959 et
405 897 552 960 occidit.⁶
583 896 691 976 Quem
708 917 783 961 cum
797 897 948 961 similiter
959 898 1100 980 spoliare
1114 901 1223 976 vellet,

133 999 272 1063 aduenit
287 1000 463 1081 suppetias
474 996 679 1073 Mnestheus,
690 998 852 1062 Hectoris
865 997 971 1061 femur
982 998 1131 1062 sauciat:
1146 1019 1221 1065 sau·

132 1100 207 1164 cius
222 1117 356 1181 quoque
371 1097 477 1160 multa
490 1097 592 1160 millia
608 1097 748 1161 occidit:
772 1106 806 1161 et
820 1105 1065 1182 perseverasset
1079 1096 1224 1163 Aclriros

129 1201 261 1263 mittere
276 1200 312 1262 ia
325 1198 449 1280 sogam,
470 1197 536 1260 nisi
550 1197 671 1260 obrius
686 1198 734 1261 illi
750 1197 841 1281 AJax
854 1197 1069 1262 Telamonius
1084 1196 1224 1278 suisset;

130 1319 210 1363 cum
220 1318 288 1382 quo
303 1299 380 1362 dum
395 1298 652 1379 congrederetur,
666 1300 824 1380 coguovit
833 1317 909 1373 eum
924 1297 1050 1362 essedo
1062 1298 1223 1380 sunguine

135 1397 227 1476 suo,‘¹
241 1401 399 1463 eratenim
411 1399 454 1462 de
465 1398 619 1462 Hesiona
629 1388 744 1463 iorore
759 1398 884 1463 Priami
895 1405 1004 1462 natus.
1028 1395 1108 1474 Quo
1121 1406 1223 1480 pacto

134 1500 270 1564 Hector
282 1519 303 1562 a
312 1500 454 1565 naribus
469 1499 579 1580 ignem
595 1501 754 1564 removeri
764 1498 881 1583 jussit,
896 1505 929 1562 et
943 1500 1074 1581 utrique
1088 1518 1126 1562 se
1140 1498 1223 1561 invi-

132 1621 204 1666 cem
218 1606 482 1675 muneraverunt,
493 1606 525 1664 et
539 1601 637 1664 amici
653 1601 892 1664 discesserunt.
918 1599 1058 1664 Postera
1071 1598 1126 1662 die
1139 1597 1224 1663 Gra·

127 1703 265 1784 J'ngenae
281 1702 432 1766 inducias
446 1706 575 1785 petunt.
618 1700 861 1782 [⁹20.}Aclrilles
877 1699 1070 1763 Patroclum
1082 1699 1224 1781 plangit,

132 1800 342 1884 Grajngenae
357 1821 447 1865 suos.
489 1798 721 1882 Agamemnon
738 1799 961 1863 Protesilaum
982 1798 1160 1878 magnifico
1174 1800 1226 1862 su·

133 1920 214 1965 nere
225 1901 328 1978 effert,
343 1909 531 1985 ceterosque
546 1900 753 1983 sepeliendos
771 1904 875 1964 curat.
905 1897 1055 1962 Achilles
1069 1896 1225 1962 Patroclo

136 2001 240 2066 ludos
260 2002 411 2067 funebres
432 2003 524 2068 facit.
570 2002 659 2066 Dum
675 2002 821 2066 induciae
836 2007 925 2077 sunt,
942 1996 1140 2064 Palamedes
1160 2017 1225 2061 non

137 2109 254 2167 cessat
268 2103 460 2167 seditionem
475 2103 604 2167 facere:
628 2101 797 2183 indignum
820 2119 927 2182 regem
942 2098 1225 2180 Agamemnonem

134 2222 212 2267 esse
226 2205 283 2287 qni
298 2205 460 2268 exercitui
482 2204 624 2284 imperet
642 2209 677 2266 et
690 2198 862 2264 indoctum
877 2198 975 2262 dixit.
1020 2196 1099 2278 Ipse
1115 2214 1226 2259 coram

134 2308 288 2370 exercitu
302 2305 409 2370 multa
424 2323 486 2369 sua
499 2304 647 2367 ostendit
661 2301 798 2366 studia·
842 2298 956 2363 Primo
973 2316 1068 2361 suam
1087 2313 1227 2359 exscen-

136 2405 279 2480 sionem,
305 2411 492 2469 castrorum
517 2403 743 2477 munitionem,
769 2399 953 2482 vigiliarum
983 2395 1227 2471 circuitionem,

137 2506 227 2586 signi
239 2501 429 2583 dationem,‘
440 2505 595 2569 librarum
610 2502 859 2587 ponderumque
872 2498 1125 2573 dimensionem,
1135 2514 1230 2560 exer·

138 2605 292 2689 citusque
301 2606 546 2670 instructionem
555 2602 710 2669 ostendit.
726 2603 899 2666 Haeccum
911 2619 931 2663 a
941 2598 1227 2674 seactusuissent,

134 2725 203 2770 nou
217 2726 352 2789 tequam
370 2724 459 2783 esse,
474 2723 549 2769 cnm
563 2722 584 2767 a
597 2703 717 2785 paucis
731 2702 903 2785 imperium
919 2700 1032 2765 datum
1049 2698 1228 2782 Agamem·

132 2809 214 2871 noni
238 2812 380 2882 esset,²⁸
401 2824 478 2870 eum
499 2805 652 2869 omnibus
668 2806 725 2887 qui
738 2810 859 2887 postea
872 2803 1104 2868 convenissent
1125 2800 1230 2882 impe·

597 2999 654 3021 neo
657 2998 728 3019 nuo
731 2997 774 3019 uo

165 3106 185 3150 Ἃ
202 3100 291 3151 Voces
300 3113 355 3149 cunr
365 3104 394 3148 et
403 3103 463 3148 erret
474 3097 626 3147 omittuntur
638 3095 731 3159 Delplr.

636 3235 743 3287 ΝΟΜ

173 3345 187 3370 ⁸
204 3335 297 3385 Hector
311 3336 448 3385 Patroclum
460 3335 557 3399 occidit]
581 3334 612 3385 ln
628 3348 669 3382 ce·
708 3345 767 3382 cam
786 3329 909 3378 Patroclo
927 3326 959 3375 ab
976 3322 1093 3374 Hectore
1111 3318 1233 3379 oeoirom,

135 3412 231 3463 cundo
247 3425 332 3475 pugno
343 3412 492 3462 Patroclum
508 3411 619 3461 ooctrnm
630 3410 669 3459 lu·
710 3406 773 3455 dicit
783 3403 874 3452 Derer.
908 3399 983 3451 Quod
1004 3411 1037 3446 cx
1055 3394 1169 3444 Homero
1186 3391 1235 3442 t'ol·

132 3492 190 3539 icoc
208 3487 277 3537 dicit
288 3487 380 3545 Dares,
397 3496 488 3537 contro
503 3500 603 3537 omnem
619 3486 669 3534 lrlr-
709 3495 764 3531 curn
776 3484 825 3535 ert,
836 3477 879 3561 qui
894 3486 1016 3539 nusquam
1027 3467 1152 3521 Merionlr
1168 3481 1235 3517 mor·

133 3566 218 3615 toriae
229 3563 319 3613 iidem.
711 3559 899 3605 temncrrorrt.

167 3641 180 3674 δ
198 3639 300 3689 Herio·
310 3636 374 3699 curn]
390 3637 456 3687 Hoc
465 3653 497 3688 ex
507 3637 620 3688 Homero
628 3649 671 3684 oc·
741 3628 754 3662 ⁴¹
772 3625 889 3688 Cognovit
898 3638 951 3674 euro
960 3617 1172 3680 eucdrrurgtrirre
1181 3615 1235 3680 cuo]

131 3718 221 3778 cepit,
242 3714 290 3765 ord
309 3728 341 3762 ee
357 3713 511 3763 immutarit.
543 3712 672 3761 Homerus
710 3704 777 3754 Tan
787 3703 845 3751 tac
856 3700 959 3750 historio
972 3698 1004 3747 de
1014 3694 1163 3760 cognitione
1173 3691 1236 3755 dja·

134 3792 211 3840 euim
221 3790 373 3840 Patroclum
383 3788 416 3837 ab
429 3784 544 3837 Hectore
560 3785 672 3835 occisam
711 3780 746 3830 cir
758 3785 786 3829 et
796 3777 920 3828 Hectoris
931 3790 945 3824 a
956 3776 1055 3824 Dareta
1066 3767 1187 3820 conficta.

136 3871 169 3912 et
182 3866 324 3927 spoliatum
339 3863 414 3925 dicit,
430 3868 522 3925 posteo
538 3859 672 3909 advenisse
744 3864 755 3889 ⁸
770 3856 851 3904 Multa
861 3869 905 3903 ruo
914 3851 1015 3900 ostendit
1029 3843 1121 3906 cndu]
1144 3842 1189 3929 dec
1199 3857 1236 3892 re·

134 3937 304 3997 Monoleum,
314 3937 432 4000 Ajacem,
449 3935 604 3996 Merionen,
624 3936 673 3982 &c
711 3929 825 3990 mela,
843 3942 881 3977 res
898 3925 1055 3975 dtcouocrtcr·
1086 3920 1127 3968 Ile
1145 3918 1176 3967 ric
1194 3931 1236 3966 eu·

135 4013 189 4078 qui
205 4012 318 4061 Patrocli
328 4013 440 4061 cadaver
458 4010 566 4060 Hectori
579 4009 672 4058 adime·
712 4020 768 4069 pro,
777 4003 845 4066 opud
857 4001 964 4064 Dictyn.

121 4097 214 4155 rent,
225 4094 256 4137 et
267 4088 299 4136 ad
309 4089 414 4140 Graecae
424 4086 562 4138 referrent.
745 4078 754 4112 ¹
767 4077 840 4140 Signi
849 4073 979 4137 dationecr]
994 4071 1104 4135 Gallice,
1114 4072 1136 4119 le
1146 4072 1204 4117 etot.

168 4172 183 4199 ⁰
213 4162 310 4213 Hector
328 4165 462 4213 Merionen
480 4158 629 4224 prosequitur
650 4162 673 4207 et
745 4156 797 4205 td
818 4154 899 4215 pruna
924 4151 1048 4215 inperium
1067 4149 1149 4196 dotum
1170 4144 1236 4227 Ago:

124 4242 242 4306 occidit]
269 4240 414 4290 Merionen
431 4239 458 4288 in
476 4236 567 4287 eadem
587 4246 673 4298 pugno
713 4228 840 4292 mmai]
870 4227 960 4279 Oratio
980 4241 1030 4276 non
1052 4218 1170 4287 procedit
1189 4229 1237 4263 nur
