3066 4916
433 391 481 438 oa
506 389 625 439 unaco
648 384 818 437 unorlno
843 389 915 437 nro.
940 391 988 437 vr.
1185 374 1249 438 537

158 535 340 600 Contentus
355 532 518 596 cecidisse
534 532 650 607 virum,
665 532 784 614 premit
798 534 930 613 agmina
945 533 1055 596 victor

157 636 279 699 Cetera
295 631 497 708 Priamides,
513 636 547 694 et
560 637 653 695 terna
667 632 848 715 tricuspide
863 634 961 697 olava

157 736 289 800 Funera
303 734 498 798 continuat:
522 733 631 796 fossos
646 734 749 814 gemit
763 733 891 798 Astilus
906 753 1028 811 armos,
1182 733 1248 799 265

157 839 283 901 Pectus
298 836 382 917 Itys,
397 853 604 915 vacuamque
621 837 777 897 excussis
792 835 893 899 ilibus
908 837 1020 900 alvum

156 937 379 1019 Antiphates:
403 937 463 999 sed
478 954 571 999 saeua
580 936 669 1009 licet,
680 941 789 1000 tumen
803 937 936 1018 inguine
950 956 1117 1020 nunquam

157 1039 301 1104 lnlerius
315 1041 466 1119 grassata
479 1055 607 1112 manns,
622 1038 839 1119 tumidusque
854 1041 1004 1120 superbit

157 1140 351 1222 Poplitibus
365 1138 466 1202 cresis
481 1137 639 1200 humilem
653 1138 812 1202 infamare
827 1139 1041 1220 triumphum.

198 1241 277 1304 Jam
288 1240 393 1321 magis
403 1237 575 1301 ardentem
591 1243 706 1301 tennes
720 1258 912 1303 consumere
929 1259 1054 1322 pugnas
1181 1240 1246 1305 270

156 1342 197 1405 In
215 1340 377 1424 populum
393 1324 505 1415 taedet,
520 1338 650 1418 vulgari
664 1339 732 1402 tela
746 1359 859 1403 cruore

157 1444 344 1507 Immensns
357 1442 481 1505 violare
495 1440 612 1522 pudor,
627 1460 687 1503 nec
701 1461 846 1524 paupere
861 1440 991 1504 fraudat

157 1544 293 1608 Plebem
309 1543 430 1617 anima,
445 1539 525 1603 lurit
536 1541 571 1601 in
580 1541 716 1622 jugulos
730 1559 908 1624 regumque
925 1540 1117 1622 ducumque

156 1644 287 1720 Acrior,
299 1648 333 1706 et
347 1661 414 1724 qua
428 1643 521 1706 acies
536 1641 641 1722 supet
655 1647 818 1721 gemmata
832 1642 999 1716 cohortes,

154 1744 268 1819 Irruit,
284 1742 486 1824 Atridasque
501 1743 630 1818 ambos,
645 1741 705 1805 sed
722 1741 855 1824 dispare
867 1743 942 1819 telo,
1179 1743 1245 1807 275

155 1844 306 1918 Sauciet,
320 1842 405 1906 hunc
415 1842 551 1925 jaculis,
566 1841 659 1905 illum
675 1843 779 1906 sude:
799 1843 914 1906 tertius
928 1861 1042 1907 ensem

154 1944 358 2009 Vulnificum
374 1962 496 2025 passus
511 1943 641 2025 plangit
654 1940 838 2026 Calydonis
854 1943 1020 2007 alumnus.

154 2046 235 2109 Hos
250 2065 381 2128 quoque
394 2043 549 2121 fudisset,
566 2044 616 2107 sic
631 2062 798 2125 nunqnam
814 2043 937 2106 debilis
952 2044 1015 2116 ira,

154 2148 213 2211 Sic
225 2164 373 2229 praesens
387 2145 653 2228 semperuirtus:
676 2151 713 2207 at
727 2144 825 2208 turba
839 2143 1007 2226 profundo

152 2248 336 2331 interjecta
350 2265 484 2330 gravem
495 2244 669 2309 frustratur
682 2246 814 2309 vulnere
829 2244 994 2309 dextram.
1178 2246 1243 2311 280

646 2443 754 2495 NOTAE

153 2557 245 2607 addit:
262 2571 307 2606 rus
321 2570 422 2623 quoque
441 2563 527 2618 retste,
545 2557 597 2605 tsle
615 2556 677 2620 qnid
718 2558 870 2621 ‘positoque
883 2557 1025 2620 tricuspide
1037 2558 1109 2607 telo.'

151 2633 298 2682 factitatum
316 2632 350 2682 ab
366 2634 405 2690 lis,
421 2632 465 2697 qni
483 2632 587 2681 dorsum
606 2632 676 2682 incita
749 2641 797 2687 m
810 2638 896 2685 Tam
906 2637 1130 2698 inguineeurrqunm
1140 2633 1244 2694 Inferius

151 2716 254 2769 nentes,
270 2710 448 2757 conscensuris
467 2708 492 2755 in
512 2722 591 2771 equus
602 2715 678 2756 erant
716 2718 827 2776 granta
837 2711 930 2775 mm]
942 2711 1068 2774 Respexit
1079 2710 1111 2759 nd
1124 2712 1175 2769 iile,
1187 2725 1243 2775 qum

151 2798 200 2847 pro
220 2784 379 2847 stapedibus,
396 2798 459 2848 quos
478 2792 580 2833 vocans.
614 2783 678 2832 Erst
720 2790 920 2853 nicryrz‘Nec
931 2787 1048 2837 Patrocli
1062 2792 1163 2837 tentum
1177 2800 1243 2835 nors

60 2858 64 2867 '
153 2868 241 2908 tamen
256 2859 311 2922 jsm
334 2867 394 2908 ante
410 2860 538 2908 Eustatlrli
556 2860 678 2908 seculum
718 2861 1242 2928 gemitumillumcunctirinsusrerst,sed
1344 2858 1348 2864 '

152 2951 210 2987 usus
237 2951 326 2986 eorum
354 2935 564 2984 adminiculorum
592 2942 678 2994 nctus,
718 2942 850 3004 precipue
873 2940 1018 2990 recordatio
1040 2940 1171 2986 vulnerum
1197 2952 1244 2998 per

151 3013 244 3078 quibu!
263 3011 338 3062 hodie
358 3013 469 3062 nitimur:
491 3010 592 3060 fuciunt
610 3010 678 3058 enlm
717 3017 773 3065 loen
782 3016 897 3080 corpori·
909 3012 1145 3080 pudibundn‚qu0d
1157 3025 1244 3060 exem.

151 3090 254 3138 illorum
265 3088 418 3138 mentionem
430 3084 597 3151 sntiquissimi
612 3084 678 3133 lisb-
719 3092 788 3153 plum
797 3092 933 3154 pessimum
940 3104 987 3153 per
995 3087 1116 3136 mortales
1124 3093 1184 3134 tuuc
1192 3085 1244 3147 pri.

152 3166 281 3223 binorum,
296 3170 325 3212 nt
335 3172 361 3213 et
371 3163 432 3213 stibi
442 3159 580 3212 docemua’
610 3158 678 3210 llmc
718 3181 786 3216 rnum
805 3166 935 3230 prodimur
953 3170 1002 3222 est,
1019 3175 1148 3224 nonquam
1167 3168 1244 3210 antes

151 3240 204 3289 ille.
237 3237 418 3288 Poitauorter
432 3234 583 3287 ‘scansilia’
597 3236 678 3285 nomi·
717 3237 951 3292 Gmciuolitum:
977 3234 1243 3287 osidiusldnouols·

152 3315 224 3365 ussit
235 3315 279 3362 ote
288 3313 407 3375 ἀστόχως,
421 3319 449 3361 ut
463 3313 566 3360 Lucret.
579 3325 605 3361 v.
618 3310 677 3360 ‘ln·
718 3323 805 3365 sersst
817 3328 844 3363 r.
855 3321 882 3362 et
893 3310 1063 3362 uindictam.
1085 3309 1176 3373 Neque
1182 3310 1242 3369 Virf

151 3390 224 3450 silis,’
236 3392 263 3439 in
273 3391 383 3439 textoris
392 3403 420 3436 re
430 3404 437 3437 r
449 3388 485 3436 ita
497 3387 605 3446 Plinius,
617 3391 678 3433 ‘sn·
718 3390 803 3454 gilius.
1270 3406 1276 3412 ·

150 3479 198 3514 nus
208 3461 512 3525 oeno-ttin’enpmutt.
530 3462 678 3511 Amorisuos
749 3466 797 3513 272
814 3462 941 3512 immensus
950 3459 1038 3509 siolure
1046 3457 1133 3521 pudor]
1151 3458 1193 3509 sie
1204 3459 1243 3510 ln.

150 3540 320 3590 Marcellinus
329 3546 400 3588 svn·
409 3540 490 3587 elatus
500 3538 594 3585 vertice
603 3549 677 3584 scau·
717 3537 770 3587 fro:
785 3537 938 3587 ‘Immensae
950 3533 1048 3598 pariter
1058 3547 1241 3601 nemorumque

150 3616 189 3664 sili
201 3615 358 3679 suggestus,'
369 3614 402 3664 de
411 3628 484 3664 coms
495 3613 616 3677 loquitur.
640 3611 678 3660 Ut
717 3615 850 3677 virumque
863 3608 961 3660 ruina.¹
993 3609 1076 3658 ‘Pers
1086 3609 1183 3673 clypels
1195 3611 1241 3660 irn-

153 3691 238 3740 Lstini
256 3689 386 3752 ‘nexilis,'
402 3685 562 3747 ‘structilis,'
574 3685 677 3735 ‘ducti-
716 3703 804 3738 mensa
816 3687 906 3748 sedet:
917 3699 963 3749 pro
974 3685 1121 3734 innumera:
1140 3687 1241 3747 moxi:

152 3764 201 3826 lis,'
217 3763 348 3826 ‘textilis,’
367 3762 497 3824 ‘tactilis,'
514 3759 677 3822 ‘insonitum’
714 3764 798 3822 mis,
816 3763 868 3813 deri
882 3762 925 3811 rori
939 3757 1095 3823 διωρισμένον.
1129 3760 1172 3809 lta
1189 3764 1241 3812 Lu.

152 3839 287 3901 ‘sesrllls,'
314 3837 463 3901 ‘deletilis‚'
484 3835 677 3900 ‘ruopertum’
715 3848 781 3890 eret.
797 3854 827 3890 n.
845 3839 898 3888 ‘Et
916 3835 989 3900 quasi
1006 3836 1144 3898 longinquo
1159 3834 1241 3886 liuere

152 3931 211 3980 quse
228 3917 293 3979 spud
304 3917 453 3966 Lrscretium
462 3924 490 3965 et
501 3915 623 3966 Ovidium
637 3927 677 3963 re·
715 3916 800 3964 omnis
816 3913 943 3962 cernimus
955 3907 1030 3964 mro?
1049 3924 1095 3971 pru
1109 3909 1239 3964 diuturno.
1294 3960 1301 3969 ,

151 3991 249 4055 peries·
281 3992 404 4041 Perottus
427 3989 459 4038 sd
487 3990 616 4039 Martialis
635 3993 675 4037 oti.
715 3984 1241 4047 Terent.‘sexcentatautm'prctot‘Cu.

149 4067 230 4131 Eplg.
240 4068 369 4130 ‘scansile,
380 4081 428 4131 per
438 4065 506 4130 quod
516 4065 619 4114 ascendi
632 4078 677 4127 po·
718 4077 801 4111 rerum
822 4060 925 4124 peperit
942 4058 1020 4107 millis
1040 4068 1134 4121 qusnts
1154 4062 1213 4109 milri
1224 4063 1242 4110 ι’

147 4141 221 4193 test.'
716 4138 839 4201 Propert.
874 4134 942 4183 Vide
962 4135 1037 4198 plura
1054 4135 1121 4198 spnd
1143 4136 1241 4186 llltter·

177 4223 228 4272 ²6⁴
249 4219 327 4273 Perse
345 4219 475 4284 tricuspide
493 4212 571 4278 rure]
597 4213 674 4264 Ouid.
717 4210 1118 4265 sunuareunnemmrvmrs.
