2980 4916
674 408 701 447 ,l
723 403 970 456 nummus*-

530 654 544 683 ·’
634 657 770 723 ΧΧΧ.
812 659 1033 725 ULYSSES.

667 786 1011 890 Lrn.v1.(inr.lli..
1197 778 1217 795 ’ἢ
1267 796 1271 807 ’

329 990 340 1019 ⁴
356 987 513 1072 Ulysses,
527 990 715 1055 vnlneratus
731 992 774 1055 ab
796 1010 849 1069 eo,
872 988 971 1091 quem
985 990 1120 1055 minime
1133 990 1336 1071 ctedideret,

521 1178 525 1187 .
596 1091 706 1155 triduo
722 1098 949 1174 postmortem
963 1089 1071 1156 obiit!
1202 1112 1209 1124 ⁸

329 1236 503 1304 Unussns
529 1258 589 1303 rex
612 1239 742 1305 ltbacae
763 1240 1012 1323 insularumque
1037 1237 1263 1314 finitimarum,
1286 1236 1380 1301 lilius

287 1336 421 1402 Inbrtae
434 1345 469 1403 et
483 1338 658 1418 Anticieoe,
671 1340 798 1424 conjux
813 1340 1016 1423 Penelopes,
1030 1344 1129 1421 pater
1142 1337 1348 1403 Telemachi.

330 1438 417 1502 Sunt
430 1446 543 1503 tamen
557 1441 649 1522 quie
668 1442 815 1524 Sisypho
836 1441 960 1504 malunt
980 1446 1201 1521 conceptum
1221 1455 1341 1521 nempe
1355 1456 1380 1501 a

287 1556 356 1620 quo
369 1536 537 1615 Anticlea,
560 1558 636 1602 cum
659 1541 832 1605 duceretur
847 1540 890 1605 ad
906 1538 1041 1604 Laerta
1056 1539 1207 1621 nuptias,
1220 1539 1289 1604 vim
1303 1539 1379 1603 iue-

286 1646 340 1700 ret
353 1656 467 1720 passa.
511 1638 674 1705 Videatur
682 1639 882 1723 orimxur.
896 1638 1035 1704 Metam.
1049 1639 1103 1703 31.
1300 1716 1305 1723 .

329 1737 411 1802 Erat
432 1746 548 1805 autem
573 1742 623 1806 vir
637 1742 769 1826 pollens
782 1740 953 1818 fecundia,
979 1738 1139 1824 preditus
1154 1740 1380 1823 experientia,

288 1837 380 1903 valer
393 1841 545 1920 consilio,
554 1843 706 1925 egregius
718 1843 819 1919 bello,
833 1842 969 1926 petiens
983 1840 1147 1904 laborum.
1192 1838 1292 1905 Unde
1305 1840 1382 1924 pel·

285 1937 346 2002 lax
365 1938 521 2022 Virgilio,
543 1958 582 2004 ιι.
597 1942 729 2007 AEneid.
752 1943 808 2007 90.
832 1942 959 2025 duplex
982 1939 1139 2018 Horatio,
1155 1956 1180 2002 1.
1206 1938 1272 2004 Od.
1287 1940 1322 2004 6.
1341 1942 1379 2005 7.

288 2039 403 2103 varius
426 2039 547 2118 Statio,
564 2059 605 2105 ιι.
628 2040 812 2107 Achilleid.
836 2043 890 2106 1⁷.
910 2040 1019 2106 fallax
1043 2039 1179 2119 ovidio,
1195 2054 1283 2104 xrlr.
1308 2039 1383 2104 Me·

289 2145 368 2202 tum.
382 2140 458 2204 713.
473 2141 587 2207 audax
601 2141 750 2221 Tibullo,
766 2157 817 2204 lv.
831 2143 865 2205 1.
879 2142 963 2224 eleg.
978 2139 1021 2205 ad
1038 2139 1234 2204 Messalam.

330 2238 444 2323 Hujus
458 2244 589 2325 egregia
602 2241 645 2306 ad
666 2241 805 2324 Trojum
819 2242 962 2306 eonsssia
976 2248 1010 2304 et
1028 2240 1218 2316 conamine,
1231 2238 1382 2321 deniqne

288 2347 323 2405 et
338 2347 574 2423 pontesursum
588 2344 702 2408 urbem
712 2362 840 2408 errores
853 2343 926 2428 ejus
940 2341 1144 2425 multiplices
1153 2339 1287 2421 longius
1302 2359 1384 2423 pro·

288 2450 474 2522 sequuntur
496 2442 674 2522 Homerus,
690 2428 724 2507 in
751 2441 843 2507 Ilei
870 2442 993 2526 Odyss·
1015 2441 1171 2519 Ovidius,
1188 2456 1259 2504 xu.
1286 2456 1378 2512 1111,

289 2545 391 2622 utque
408 2556 488 2605 xrv.
505 2540 647 2607 Metam.
657 2549 692 2607 et
705 2543 850 2606 strictim
864 2543 1035 2621 Tibullus,
1049 2558 1097 2607 ιν.
1110 2544 1141 2606 1.

331 2636 387 2701 An
405 2645 515 2705 tumen
540 2660 699 2707 oceanum
720 2642 903 2720 intraverit,
926 2649 959 2707 et
983 2649 1082 2707 extre
1105 2640 1199 2705 orbis
1220 2647 1383 2704 terrarum

289 2734 445 2821 rubinos
471 2741 594 2805 limites
624 2744 780 2809 erraverit
811 2743 966 2827 Ulysses,
991 2742 1115 2825 grande
1144 2748 1196 2805 est
1230 2741 1384 2805 dubium.

289 2836 515 2903 Gonsulautur
538 2842 668 2921 Strabo,
686 2860 709 2908 1.
726 2844 848 2929 Polyb.
863 2846 1004 2923 Seneca,
1016 2843 1070 2910 88.
1085 2842 1192 2926 Epist
1209 2842 1383 2919 Stobaeus,

289 2937 438 3002 Sermon.
453 2941 489 3003 in
505 2940 619 3007 Bionis
640 2945 780 3011 monito.

331 3036 420 3104 Haeo
434 3051 548 3106 nostm
563 3042 700 3129 Ulyssis
725 3047 856 3129 pictura
871 3045 1025 3111 desumta
1039 3064 1083 3109 ex
1102 3041 1233 3109 Abruh.
1249 3041 1385 3109 coum

289 3137 534 3226 Dactyliothee.
547 3144 625 3210 edit
639 3148 757 3230 primes
771 3147 847 3214 176.
858 3146 1015 3213 Gemma.
1121 3146 1126 3153 '

610 3369 833 3446 TABULA
861 3367 1054 3444 SEXTA.

587 3548 743 3616 XXXI.
787 3544 1078 3614 LAOCOON.

555 3728 560 3739 ·
683 3698 762 3764 Lru.
778 3716 813 3763 v.
834 3698 924 3764 Cur.
938 3696 992 3761 ll.

287 3822 430 3923 ‘ltaque
451 3840 620 3909 desumo
641 3861 807 3911 murorum
831 3853 937 3928 parte,
961 3863 1039 3910 oum
1060 3844 1145 3928 joco
1171 3839 1385 3921 lasciviaque

330 3940 494 4007 induxere
507 3963 643 4027 equum,
663 3944 812 4011 foeminis
835 3947 919 4011 iuter
939 3965 976 4010 se
998 3953 1101 4028 atque
1127 3941 1208 4008 viris
1228 3939 1384 4005 oeuatim

330 4041 494 4107 uttrubere
508 4043 767 4119 festinantibus?

328 4174 452 4240 lurra
473 4177 563 4243 viros
576 4186 696 4259 tamen,
711 4194 834 4262 equum
843 4178 933 4242 intra
942 4177 1056 4241 urbem
1071 4191 1139 4237 nou
1150 4166 1386 4251 recipiendum
